ts,pair,outcome,pm_bid,pm_ask,k_bid,k_ask,mid_gap,edge_buy_pm,edge_buy_k
2026-07-19T14:20:41+00:00,fed-jul26,No change,0.944,0.945,0.94,0.95,0.0005,-0.0089,-0.0093
2026-07-19T14:20:41+00:00,fed-jul26,25 bps increase,0.048,0.049,0.05,0.06,0.0065,-0.0023,-0.0159
2026-07-19T14:20:41+00:00,fed-sep26,No change,0.58,0.59,0.62,0.63,0.04,0.0135,-0.0663
2026-07-19T14:20:41+00:00,fed-sep26,25 bps increase,0.35,0.36,0.37,0.4,0.03,-0.0063,-0.0668
2026-07-19T14:20:41+00:00,fed-sep26,50+ bps increase,0.005,0.006,0.01,0.02,0.0095,0.0033,-0.0164
2026-07-19T14:20:41+00:00,fed-sep26,25 bps decrease,0.035,0.036,0.03,0.04,-0.0005,-0.008,-0.0077
2026-07-19T14:20:41+00:00,fed-oct26,No change,0.65,0.66,0.64,0.67,0.0,-0.0361,-0.0355
2026-07-19T14:20:41+00:00,fed-oct26,25 bps increase,0.18,0.19,0.15,0.16,-0.03,-0.0489,0.0106
2026-07-19T14:20:41+00:00,fed-oct26,50+ bps increase,0.008,0.01,0.01,0.03,0.011,-0.0007,-0.024
2026-07-19T14:20:41+00:00,fed-oct26,25 bps decrease,0.07,0.08,0.06,0.08,-0.005,-0.0239,-0.0152
2026-07-19T14:20:41+00:00,wc-winner,Spain,0.591,0.592,0.58,0.583,-0.01,-0.0366,-0.0165
2026-07-19T14:20:41+00:00,wc-winner,Argentina,0.408,0.409,0.419,0.423,0.0125,-0.0145,-0.0396
2026-07-19T15:30:32+00:00,fed-jul26,No change,0.945,0.946,0.94,0.95,-0.0005,-0.0099,-0.0083
2026-07-19T15:30:32+00:00,fed-jul26,25 bps increase,0.048,0.049,0.05,0.06,0.0065,-0.0023,-0.0159
2026-07-19T15:30:32+00:00,fed-sep26,No change,0.58,0.59,0.6,0.62,0.025,-0.0068,-0.0565
2026-07-19T15:30:32+00:00,fed-sep26,25 bps increase,0.35,0.36,0.37,0.4,0.03,-0.0063,-0.0668
2026-07-19T15:30:32+00:00,fed-sep26,50+ bps increase,0.005,0.006,0.01,0.02,0.0095,0.0033,-0.0164
2026-07-19T15:30:32+00:00,fed-sep26,25 bps decrease,0.035,0.036,0.03,0.04,-0.0005,-0.008,-0.0077
2026-07-19T15:30:32+00:00,fed-oct26,No change,0.61,0.63,0.57,0.66,-0.005,-0.0772,-0.0657
2026-07-19T15:30:32+00:00,fed-oct26,25 bps increase,0.19,0.2,0.15,0.16,-0.04,-0.0589,0.0206
2026-07-19T15:30:32+00:00,fed-oct26,25 bps decrease,0.08,0.1,0.06,0.08,-0.02,-0.0439,-0.0052
2026-07-19T15:30:32+00:00,wc-winner,Spain,0.591,0.592,0.583,0.584,-0.008,-0.0335,-0.0175
2026-07-19T15:30:32+00:00,wc-winner,Argentina,0.408,0.409,0.417,0.42,0.01,-0.0165,-0.0366
2026-07-19T16:28:16+00:00,fed-jul26,No change,0.944,0.946,0.94,0.95,0.0,-0.0099,-0.0093
2026-07-19T16:28:16+00:00,fed-jul26,25 bps increase,0.048,0.049,0.05,0.06,0.0065,-0.0023,-0.0159
2026-07-19T16:28:16+00:00,fed-sep26,No change,0.59,0.6,0.62,0.63,0.03,0.0035,-0.0563
2026-07-19T16:28:16+00:00,fed-sep26,25 bps increase,0.35,0.36,0.37,0.39,0.025,-0.0063,-0.0567
2026-07-19T16:28:16+00:00,fed-sep26,50+ bps increase,0.005,0.006,0.01,0.02,0.0095,0.0033,-0.0164
2026-07-19T16:28:16+00:00,fed-sep26,25 bps decrease,0.035,0.036,0.03,0.04,-0.0005,-0.008,-0.0077
2026-07-19T16:28:16+00:00,fed-oct26,No change,0.6,0.61,0.67,0.69,0.075,0.0445,-0.105
2026-07-19T16:28:16+00:00,fed-oct26,25 bps increase,0.19,0.2,0.15,0.16,-0.04,-0.0589,0.0206
2026-07-19T16:28:16+00:00,fed-oct26,50+ bps increase,0.009,0.013,0.01,0.03,0.009,-0.0037,-0.023
2026-07-19T16:28:16+00:00,fed-oct26,25 bps decrease,0.09,0.1,0.06,0.08,-0.025,-0.0439,0.0048
2026-07-19T16:28:16+00:00,wc-winner,Spain,0.591,0.592,0.59,0.591,-0.001,-0.0264,-0.0244
2026-07-19T16:28:16+00:00,wc-winner,Argentina,0.411,0.412,0.411,0.42,0.004,-0.0254,-0.0336
2026-07-19T17:32:42+00:00,fed-jul26,No change,0.943,0.944,0.94,0.95,0.0015,-0.0079,-0.0103
2026-07-19T17:32:42+00:00,fed-jul26,25 bps increase,0.048,0.049,0.05,0.06,0.0065,-0.0023,-0.0159
2026-07-19T17:32:42+00:00,fed-sep26,No change,0.59,0.6,0.62,0.63,0.03,0.0035,-0.0563
2026-07-19T17:32:42+00:00,fed-sep26,25 bps increase,0.35,0.36,0.37,0.38,0.02,-0.0063,-0.0465
2026-07-19T17:32:42+00:00,fed-sep26,50+ bps increase,0.005,0.006,0.01,0.02,0.0095,0.0033,-0.0164
2026-07-19T17:32:42+00:00,fed-sep26,25 bps decrease,0.035,0.037,0.03,0.04,-0.001,-0.009,-0.0077
2026-07-19T17:32:42+00:00,fed-oct26,No change,0.6,0.61,0.6,0.67,0.03,-0.0268,-0.0855
2026-07-19T17:32:42+00:00,fed-oct26,25 bps increase,0.19,0.2,0.15,0.16,-0.04,-0.0589,0.0206
2026-07-19T17:32:42+00:00,fed-oct26,50+ bps increase,0.009,0.013,0.01,0.03,0.009,-0.0037,-0.023
2026-07-19T17:32:42+00:00,fed-oct26,25 bps decrease,0.09,0.1,0.06,0.08,-0.025,-0.0439,0.0048
2026-07-19T17:32:42+00:00,wc-winner,Spain,0.591,0.592,0.582,0.583,-0.009,-0.0345,-0.0165
2026-07-19T17:32:42+00:00,wc-winner,Argentina,0.412,0.413,0.419,0.423,0.0085,-0.0185,-0.0356
2026-07-19T18:49:19+00:00,fed-jul26,No change,0.939,0.94,0.94,0.95,0.0055,-0.0039,-0.0143
2026-07-19T18:49:19+00:00,fed-jul26,25 bps increase,0.048,0.049,0.05,0.06,0.0065,-0.0023,-0.0159
2026-07-19T18:49:20+00:00,fed-sep26,No change,0.59,0.6,0.62,0.63,0.03,0.0035,-0.0563
2026-07-19T18:49:20+00:00,fed-sep26,25 bps increase,0.35,0.36,0.37,0.38,0.02,-0.0063,-0.0465
2026-07-19T18:49:20+00:00,fed-sep26,50+ bps increase,0.005,0.006,0.01,0.02,0.0095,0.0033,-0.0164
2026-07-19T18:49:20+00:00,fed-sep26,25 bps decrease,0.035,0.036,0.03,0.04,-0.0005,-0.008,-0.0077
2026-07-19T18:49:20+00:00,fed-oct26,No change,0.6,0.61,0.61,0.69,0.045,-0.0167,-0.105
2026-07-19T18:49:20+00:00,fed-oct26,25 bps increase,0.19,0.2,0.15,0.16,-0.04,-0.0589,0.0206
2026-07-19T18:49:20+00:00,fed-oct26,50+ bps increase,0.009,0.013,0.01,0.03,0.009,-0.0037,-0.023
2026-07-19T18:49:20+00:00,fed-oct26,25 bps decrease,0.09,0.1,0.06,0.07,-0.03,-0.0439,0.0154
2026-07-19T18:49:20+00:00,wc-winner,Spain,0.584,0.585,0.568,0.569,-0.016,-0.0417,-0.0097
2026-07-19T18:49:20+00:00,wc-winner,Argentina,0.416,0.417,0.435,0.436,0.019,-0.0067,-0.0447
2026-07-19T20:02:57+00:00,fed-jul26,No change,0.933,0.938,0.93,0.94,-0.0005,-0.0126,-0.0109
2026-07-19T20:02:57+00:00,fed-jul26,25 bps increase,0.049,0.05,0.06,0.07,0.0155,0.0061,-0.0256
2026-07-19T20:02:57+00:00,fed-sep26,No change,0.59,0.6,0.62,0.63,0.03,0.0035,-0.0563
2026-07-19T20:02:57+00:00,fed-sep26,25 bps increase,0.35,0.36,0.37,0.38,0.02,-0.0063,-0.0465
2026-07-19T20:02:57+00:00,fed-sep26,50+ bps increase,0.005,0.006,0.01,0.02,0.0095,0.0033,-0.0164
2026-07-19T20:02:57+00:00,fed-sep26,25 bps decrease,0.035,0.036,0.03,0.04,-0.0005,-0.008,-0.0077
2026-07-19T20:02:57+00:00,fed-oct26,No change,0.6,0.61,0.64,0.7,0.065,0.0139,-0.1147
2026-07-19T20:02:57+00:00,fed-oct26,25 bps increase,0.19,0.2,0.15,0.16,-0.04,-0.0589,0.0206
2026-07-19T20:02:57+00:00,fed-oct26,50+ bps increase,0.009,0.013,0.01,0.03,0.009,-0.0037,-0.023
2026-07-19T20:02:57+00:00,fed-oct26,25 bps decrease,0.09,0.1,0.06,0.07,-0.03,-0.0439,0.0154
2026-07-19T20:02:57+00:00,wc-winner,Spain,0.605,0.606,0.589,0.59,-0.016,-0.0414,-0.0094
2026-07-19T20:02:57+00:00,wc-winner,Argentina,0.392,0.393,0.41,0.411,0.018,-0.0074,-0.0434
2026-07-19T21:13:45+00:00,fed-jul26,No change,0.926,0.928,0.93,0.94,0.008,-0.0026,-0.0179
2026-07-19T21:13:45+00:00,fed-jul26,25 bps increase,0.056,0.057,0.06,0.07,0.0085,-0.0009,-0.0186
2026-07-19T21:13:45+00:00,fed-sep26,No change,0.59,0.6,0.62,0.63,0.03,0.0035,-0.0563
2026-07-19T21:13:45+00:00,fed-sep26,25 bps increase,0.35,0.36,0.37,0.38,0.02,-0.0063,-0.0465
2026-07-19T21:13:45+00:00,fed-sep26,50+ bps increase,0.005,0.006,0.01,0.02,0.0095,0.0033,-0.0164
2026-07-19T21:13:45+00:00,fed-sep26,25 bps decrease,0.036,0.037,0.03,0.04,-0.0015,-0.009,-0.0067
2026-07-19T21:13:45+00:00,fed-oct26,No change,0.6,0.61,0.63,0.67,0.045,0.0037,-0.0855
2026-07-19T21:13:45+00:00,fed-oct26,25 bps increase,0.19,0.2,0.15,0.16,-0.04,-0.0589,0.0206
2026-07-19T21:13:45+00:00,fed-oct26,50+ bps increase,0.009,0.013,0.01,0.03,0.009,-0.0037,-0.023
2026-07-19T21:13:45+00:00,fed-oct26,25 bps decrease,0.09,0.1,0.06,0.08,-0.025,-0.0439,0.0048
2026-07-19T21:13:45+00:00,wc-winner,Spain,0.73,0.747,0.713,0.73,-0.017,-0.0558,-0.0213
2026-07-19T21:13:45+00:00,wc-winner,Argentina,0.247,0.262,0.27,0.28,0.0205,-0.0133,-0.0546
2026-07-19T22:15:12+00:00,fed-jul26,No change,0.926,0.927,0.93,0.94,0.0085,-0.0016,-0.0179
2026-07-19T22:15:12+00:00,fed-jul26,25 bps increase,0.06,0.062,0.06,0.07,0.004,-0.0059,-0.0146
2026-07-19T22:15:12+00:00,fed-sep26,No change,0.59,0.6,0.62,0.63,0.03,0.0035,-0.0563
2026-07-19T22:15:12+00:00,fed-sep26,25 bps increase,0.35,0.36,0.37,0.38,0.02,-0.0063,-0.0465
2026-07-19T22:15:12+00:00,fed-sep26,50+ bps increase,0.005,0.006,0.01,0.02,0.0095,0.0033,-0.0164
2026-07-19T22:15:12+00:00,fed-sep26,25 bps decrease,0.036,0.037,0.03,0.04,-0.0015,-0.009,-0.0067
2026-07-19T22:15:12+00:00,fed-oct26,No change,0.6,0.61,0.63,0.7,0.06,0.0037,-0.1147
2026-07-19T22:15:12+00:00,fed-oct26,25 bps increase,0.19,0.2,0.15,0.16,-0.04,-0.0589,0.0206
2026-07-19T22:15:12+00:00,fed-oct26,50+ bps increase,0.009,0.013,0.01,0.03,0.009,-0.0037,-0.023
2026-07-19T22:15:12+00:00,fed-oct26,25 bps decrease,0.09,0.1,0.06,0.08,-0.025,-0.0439,0.0048
2026-07-19T23:26:27+00:00,fed-jul26,No change,0.929,0.93,0.93,0.94,0.0055,-0.0046,-0.0149
2026-07-19T23:26:27+00:00,fed-jul26,25 bps increase,0.063,0.064,0.06,0.07,0.0015,-0.0079,-0.0116
2026-07-19T23:26:27+00:00,fed-sep26,No change,0.58,0.59,0.62,0.63,0.04,0.0135,-0.0663
2026-07-19T23:26:27+00:00,fed-sep26,25 bps increase,0.36,0.37,0.37,0.38,0.01,-0.0163,-0.0365
2026-07-19T23:26:27+00:00,fed-sep26,50+ bps increase,0.005,0.006,0.01,0.02,0.0095,0.0033,-0.0164
2026-07-19T23:26:27+00:00,fed-sep26,25 bps decrease,0.035,0.036,0.03,0.04,-0.0005,-0.008,-0.0077
2026-07-19T23:26:27+00:00,fed-oct26,No change,0.6,0.61,0.62,0.7,0.055,-0.0065,-0.1147
2026-07-19T23:26:27+00:00,fed-oct26,25 bps increase,0.19,0.2,0.15,0.16,-0.04,-0.0589,0.0206
2026-07-19T23:26:27+00:00,fed-oct26,50+ bps increase,0.009,0.013,0.01,0.03,0.009,-0.0037,-0.023
2026-07-19T23:26:27+00:00,fed-oct26,25 bps decrease,0.09,0.11,0.06,0.08,-0.03,-0.0539,0.0048
2026-07-20T01:00:58+00:00,fed-jul26,No change,0.928,0.929,0.93,0.94,0.0065,-0.0036,-0.0159
2026-07-20T01:00:58+00:00,fed-jul26,25 bps increase,0.067,0.068,0.06,0.07,-0.0025,-0.0119,-0.0076
2026-07-20T01:00:58+00:00,fed-sep26,No change,0.58,0.59,0.62,0.63,0.04,0.0135,-0.0663
2026-07-20T01:00:58+00:00,fed-sep26,25 bps increase,0.37,0.38,0.37,0.38,0.0,-0.0263,-0.0265
2026-07-20T01:00:58+00:00,fed-sep26,25 bps decrease,0.033,0.034,0.03,0.04,0.0015,-0.006,-0.0097
2026-07-20T01:00:58+00:00,fed-oct26,No change,0.6,0.61,0.62,0.67,0.04,-0.0065,-0.0855
2026-07-20T01:00:58+00:00,fed-oct26,25 bps increase,0.19,0.2,0.15,0.16,-0.04,-0.0589,0.0206
2026-07-20T01:00:58+00:00,fed-oct26,50+ bps increase,0.009,0.013,0.01,0.03,0.009,-0.0037,-0.023
2026-07-20T01:00:58+00:00,fed-oct26,25 bps decrease,0.09,0.11,0.06,0.08,-0.03,-0.0539,0.0048
2026-07-20T04:37:40+00:00,fed-jul26,No change,0.934,0.935,0.93,0.94,0.0005,-0.0096,-0.0099
2026-07-20T04:37:40+00:00,fed-jul26,25 bps increase,0.063,0.064,0.06,0.07,0.0015,-0.0079,-0.0116
2026-07-20T04:37:41+00:00,fed-sep26,No change,0.58,0.59,0.6,0.62,0.025,-0.0068,-0.0565
2026-07-20T04:37:41+00:00,fed-sep26,25 bps increase,0.37,0.38,0.37,0.38,0.0,-0.0263,-0.0265
2026-07-20T04:37:41+00:00,fed-sep26,25 bps decrease,0.032,0.033,0.03,0.04,0.0025,-0.005,-0.0107
2026-07-20T04:37:41+00:00,fed-oct26,No change,0.6,0.61,0.59,0.66,0.02,-0.0369,-0.0757
2026-07-20T04:37:41+00:00,fed-oct26,25 bps increase,0.19,0.2,0.15,0.16,-0.04,-0.0589,0.0206
2026-07-20T04:37:41+00:00,fed-oct26,50+ bps increase,0.009,0.013,0.01,0.03,0.009,-0.0037,-0.023
2026-07-20T04:37:41+00:00,fed-oct26,25 bps decrease,0.1,0.11,0.06,0.08,-0.035,-0.0539,0.0148
2026-07-20T07:52:15+00:00,fed-jul26,No change,0.933,0.934,0.94,0.95,0.0115,0.0021,-0.0203
2026-07-20T07:52:15+00:00,fed-jul26,25 bps increase,0.063,0.064,0.05,0.06,-0.0085,-0.0173,-0.0009
2026-07-20T07:52:15+00:00,fed-sep26,No change,0.58,0.59,0.56,0.61,0.0,-0.0472,-0.0467
2026-07-20T07:52:15+00:00,fed-sep26,25 bps increase,0.37,0.38,0.37,0.38,0.0,-0.0263,-0.0265
2026-07-20T07:52:15+00:00,fed-sep26,25 bps decrease,0.032,0.033,0.03,0.04,0.0025,-0.005,-0.0107
2026-07-20T07:52:15+00:00,fed-oct26,No change,0.61,0.62,0.59,0.66,0.01,-0.0469,-0.0657
2026-07-20T07:52:15+00:00,fed-oct26,25 bps increase,0.19,0.2,0.15,0.16,-0.04,-0.0589,0.0206
2026-07-20T07:52:15+00:00,fed-oct26,50+ bps increase,0.009,0.013,0.01,0.03,0.009,-0.0037,-0.023
2026-07-20T07:52:15+00:00,fed-oct26,25 bps decrease,0.1,0.11,0.06,0.08,-0.035,-0.0539,0.0148
2026-07-20T10:40:59+00:00,fed-jul26,No change,0.933,0.934,0.94,0.95,0.0115,0.0021,-0.0203
2026-07-20T10:40:59+00:00,fed-jul26,25 bps increase,0.063,0.064,0.06,0.07,0.0015,-0.0079,-0.0116
2026-07-20T10:40:59+00:00,fed-sep26,No change,0.58,0.59,0.55,0.61,-0.005,-0.0573,-0.0467
2026-07-20T10:40:59+00:00,fed-sep26,25 bps increase,0.37,0.38,0.37,0.38,0.0,-0.0263,-0.0265
2026-07-20T10:40:59+00:00,fed-sep26,25 bps decrease,0.031,0.034,0.03,0.04,0.0025,-0.006,-0.0117
2026-07-20T10:40:59+00:00,fed-oct26,No change,0.61,0.62,0.61,0.66,0.02,-0.0267,-0.0657
2026-07-20T10:40:59+00:00,fed-oct26,25 bps increase,0.19,0.2,0.15,0.16,-0.04,-0.0589,0.0206
2026-07-20T10:40:59+00:00,fed-oct26,50+ bps increase,0.009,0.013,0.01,0.03,0.009,-0.0037,-0.023
2026-07-20T10:40:59+00:00,fed-oct26,25 bps decrease,0.1,0.11,0.06,0.08,-0.035,-0.0539,0.0148
2026-07-20T13:01:54+00:00,fed-jul26,No change,0.932,0.933,0.93,0.94,0.0025,-0.0076,-0.0119
2026-07-20T13:01:54+00:00,fed-jul26,25 bps increase,0.062,0.063,0.06,0.07,0.0025,-0.0069,-0.0126
2026-07-20T13:01:54+00:00,fed-sep26,No change,0.58,0.59,0.56,0.61,0.0,-0.0472,-0.0467
2026-07-20T13:01:54+00:00,fed-sep26,25 bps increase,0.37,0.38,0.37,0.38,0.0,-0.0263,-0.0265
2026-07-20T13:01:54+00:00,fed-sep26,25 bps decrease,0.031,0.032,0.03,0.04,0.0035,-0.004,-0.0117
2026-07-20T13:01:54+00:00,fed-oct26,No change,0.61,0.62,0.65,0.66,0.04,0.0141,-0.0657
2026-07-20T13:01:54+00:00,fed-oct26,25 bps increase,0.19,0.2,0.18,0.24,0.015,-0.0303,-0.0628
2026-07-20T13:01:54+00:00,fed-oct26,50+ bps increase,0.009,0.013,0.01,0.03,0.009,-0.0037,-0.023
2026-07-20T13:01:54+00:00,fed-oct26,25 bps decrease,0.1,0.11,0.06,0.08,-0.035,-0.0539,0.0148
2026-07-20T15:14:15+00:00,fed-jul26,No change,0.933,0.934,0.93,0.94,0.0015,-0.0086,-0.0109
2026-07-20T15:14:15+00:00,fed-jul26,25 bps increase,0.061,0.062,0.06,0.07,0.0035,-0.0059,-0.0136
2026-07-20T15:14:15+00:00,fed-sep26,No change,0.58,0.59,0.6,0.61,0.02,-0.0068,-0.0467
2026-07-20T15:14:15+00:00,fed-sep26,25 bps increase,0.37,0.38,0.38,0.39,0.01,-0.0165,-0.0367
2026-07-20T15:14:15+00:00,fed-sep26,25 bps decrease,0.031,0.032,0.03,0.04,0.0035,-0.004,-0.0117
2026-07-20T15:14:15+00:00,fed-sep26,50+ bps decrease,0.02,0.021,0.01,0.03,-0.0005,-0.0117,-0.012
2026-07-20T15:14:15+00:00,fed-oct26,No change,0.62,0.63,0.61,0.66,0.01,-0.0367,-0.0557
2026-07-20T15:14:15+00:00,fed-oct26,25 bps increase,0.19,0.2,0.15,0.24,0.0,-0.0589,-0.0628
2026-07-20T15:14:15+00:00,fed-oct26,50+ bps increase,0.01,0.014,0.01,0.03,0.008,-0.0047,-0.022
2026-07-20T15:14:15+00:00,fed-oct26,25 bps decrease,0.1,0.11,0.06,0.08,-0.035,-0.0539,0.0148
2026-07-20T16:52:40+00:00,fed-jul26,No change,0.93,0.931,0.93,0.94,0.0045,-0.0056,-0.0139
2026-07-20T16:52:40+00:00,fed-jul26,25 bps increase,0.066,0.067,0.06,0.07,-0.0015,-0.0109,-0.0086
2026-07-20T16:52:40+00:00,fed-sep26,No change,0.53,0.54,0.52,0.57,0.01,-0.0375,-0.0572
2026-07-20T16:52:40+00:00,fed-sep26,25 bps increase,0.41,0.42,0.43,0.44,0.02,-0.0072,-0.0472
2026-07-20T16:52:40+00:00,fed-sep26,25 bps decrease,0.03,0.031,0.03,0.04,0.0045,-0.003,-0.0127
2026-07-20T16:52:40+00:00,fed-sep26,50+ bps decrease,0.02,0.021,0.01,0.03,-0.0005,-0.0117,-0.012
2026-07-20T16:52:41+00:00,fed-oct26,No change,0.62,0.63,0.61,0.66,0.01,-0.0367,-0.0557
2026-07-20T16:52:41+00:00,fed-oct26,25 bps increase,0.19,0.2,0.15,0.24,0.0,-0.0589,-0.0628
2026-07-20T16:52:41+00:00,fed-oct26,50+ bps increase,0.01,0.014,0.01,0.03,0.008,-0.0047,-0.022
2026-07-20T16:52:41+00:00,fed-oct26,25 bps decrease,0.1,0.11,0.06,0.08,-0.035,-0.0539,0.0148
2026-07-20T18:49:06+00:00,fed-jul26,No change,0.922,0.924,0.93,0.94,0.012,0.0014,-0.0219
2026-07-20T18:49:06+00:00,fed-jul26,25 bps increase,0.072,0.073,0.06,0.07,-0.0075,-0.0169,-0.0026
2026-07-20T18:49:07+00:00,fed-sep26,No change,0.53,0.54,0.52,0.55,0.0,-0.0375,-0.0373
2026-07-20T18:49:07+00:00,fed-sep26,25 bps increase,0.41,0.42,0.41,0.44,0.01,-0.0269,-0.0472
2026-07-20T18:49:07+00:00,fed-sep26,25 bps decrease,0.03,0.031,0.03,0.04,0.0045,-0.003,-0.0127
2026-07-20T18:49:07+00:00,fed-sep26,50+ bps decrease,0.02,0.021,0.01,0.03,-0.0005,-0.0117,-0.012
2026-07-20T18:49:07+00:00,fed-oct26,No change,0.62,0.63,0.62,0.66,0.015,-0.0265,-0.0557
2026-07-20T18:49:07+00:00,fed-oct26,25 bps increase,0.19,0.2,0.15,0.23,-0.005,-0.0589,-0.0524
2026-07-20T18:49:07+00:00,fed-oct26,50+ bps increase,0.013,0.014,0.01,0.03,0.0065,-0.0047,-0.019
2026-07-20T18:49:07+00:00,fed-oct26,25 bps decrease,0.1,0.11,0.06,0.08,-0.035,-0.0539,0.0148
2026-07-20T20:18:00+00:00,fed-jul26,No change,0.924,0.925,0.93,0.94,0.0105,0.0004,-0.0199
2026-07-20T20:18:00+00:00,fed-jul26,25 bps increase,0.072,0.073,0.06,0.07,-0.0075,-0.0169,-0.0026
2026-07-20T20:18:00+00:00,fed-sep26,No change,0.53,0.54,0.53,0.54,0.0,-0.0274,-0.0274
2026-07-20T20:18:00+00:00,fed-sep26,25 bps increase,0.41,0.42,0.41,0.43,0.005,-0.0269,-0.0372
2026-07-20T20:18:00+00:00,fed-sep26,25 bps decrease,0.035,0.037,0.03,0.04,-0.001,-0.009,-0.0077
2026-07-20T20:18:00+00:00,fed-sep26,50+ bps decrease,0.02,0.021,0.01,0.03,-0.0005,-0.0117,-0.012
2026-07-20T20:18:01+00:00,fed-oct26,No change,0.62,0.63,0.64,0.65,0.02,-0.0061,-0.0459
2026-07-20T20:18:01+00:00,fed-oct26,25 bps increase,0.19,0.2,0.18,0.2,-0.005,-0.0303,-0.0212
2026-07-20T20:18:01+00:00,fed-oct26,50+ bps increase,0.013,0.014,0.01,0.03,0.0065,-0.0047,-0.019
2026-07-20T20:18:01+00:00,fed-oct26,25 bps decrease,0.1,0.11,0.06,0.08,-0.035,-0.0539,0.0148
2026-07-20T21:39:51+00:00,fed-jul26,No change,0.925,0.926,0.93,0.94,0.0095,-0.0006,-0.0189
2026-07-20T21:39:51+00:00,fed-jul26,25 bps increase,0.072,0.073,0.06,0.07,-0.0075,-0.0169,-0.0026
2026-07-20T21:39:51+00:00,fed-sep26,No change,0.53,0.54,0.53,0.54,0.0,-0.0274,-0.0274
2026-07-20T21:39:51+00:00,fed-sep26,25 bps increase,0.4,0.42,0.41,0.43,0.01,-0.0269,-0.0472
2026-07-20T21:39:51+00:00,fed-sep26,25 bps decrease,0.035,0.037,0.03,0.04,-0.001,-0.009,-0.0077
2026-07-20T21:39:51+00:00,fed-sep26,50+ bps decrease,0.02,0.021,0.01,0.03,-0.0005,-0.0117,-0.012
2026-07-20T21:39:51+00:00,fed-oct26,No change,0.62,0.63,0.64,0.65,0.02,-0.0061,-0.0459
2026-07-20T21:39:51+00:00,fed-oct26,25 bps increase,0.19,0.2,0.18,0.2,-0.005,-0.0303,-0.0212
2026-07-20T21:39:51+00:00,fed-oct26,50+ bps increase,0.013,0.014,0.01,0.03,0.0065,-0.0047,-0.019
2026-07-20T21:39:51+00:00,fed-oct26,25 bps decrease,0.1,0.11,0.06,0.08,-0.035,-0.0539,0.0148
2026-07-20T22:46:35+00:00,fed-jul26,No change,0.924,0.925,0.93,0.94,0.0105,0.0004,-0.0199
2026-07-20T22:46:35+00:00,fed-jul26,25 bps increase,0.072,0.073,0.06,0.07,-0.0075,-0.0169,-0.0026
2026-07-20T22:46:35+00:00,fed-sep26,No change,0.53,0.54,0.53,0.54,0.0,-0.0274,-0.0274
2026-07-20T22:46:35+00:00,fed-sep26,25 bps increase,0.4,0.42,0.42,0.43,0.015,-0.0171,-0.0472
2026-07-20T22:46:35+00:00,fed-sep26,25 bps decrease,0.035,0.037,0.03,0.04,-0.001,-0.009,-0.0077
2026-07-20T22:46:35+00:00,fed-sep26,50+ bps decrease,0.02,0.021,0.01,0.03,-0.0005,-0.0117,-0.012
2026-07-20T22:46:35+00:00,fed-oct26,No change,0.62,0.63,0.63,0.64,0.01,-0.0163,-0.0361
2026-07-20T22:46:35+00:00,fed-oct26,25 bps increase,0.19,0.2,0.18,0.19,-0.01,-0.0303,-0.0108
2026-07-20T22:46:35+00:00,fed-oct26,50+ bps increase,0.013,0.014,0.01,0.03,0.0065,-0.0047,-0.019
2026-07-20T22:46:35+00:00,fed-oct26,25 bps decrease,0.1,0.11,0.06,0.08,-0.035,-0.0539,0.0148
2026-07-20T23:47:53+00:00,fed-jul26,No change,0.925,0.926,0.93,0.94,0.0095,-0.0006,-0.0189
2026-07-20T23:47:53+00:00,fed-jul26,25 bps increase,0.067,0.068,0.06,0.07,-0.0025,-0.0119,-0.0076
2026-07-20T23:47:53+00:00,fed-sep26,No change,0.53,0.54,0.53,0.54,0.0,-0.0274,-0.0274
2026-07-20T23:47:53+00:00,fed-sep26,25 bps increase,0.4,0.42,0.41,0.42,0.005,-0.0269,-0.0371
2026-07-20T23:47:53+00:00,fed-sep26,25 bps decrease,0.034,0.035,0.03,0.04,0.0005,-0.007,-0.0087
2026-07-20T23:47:53+00:00,fed-sep26,50+ bps decrease,0.02,0.021,0.01,0.03,-0.0005,-0.0117,-0.012
2026-07-20T23:47:53+00:00,fed-oct26,No change,0.62,0.63,0.63,0.64,0.01,-0.0163,-0.0361
2026-07-20T23:47:53+00:00,fed-oct26,25 bps increase,0.19,0.2,0.18,0.19,-0.01,-0.0303,-0.0108
2026-07-20T23:47:53+00:00,fed-oct26,50+ bps increase,0.013,0.014,0.01,0.03,0.0065,-0.0047,-0.019
2026-07-20T23:47:53+00:00,fed-oct26,25 bps decrease,0.1,0.11,0.06,0.08,-0.035,-0.0539,0.0148
2026-07-21T01:28:31+00:00,fed-jul26,No change,0.926,0.927,0.93,0.94,0.0085,-0.0016,-0.0179
2026-07-21T01:28:31+00:00,fed-jul26,25 bps increase,0.067,0.069,0.06,0.07,-0.003,-0.0129,-0.0076
2026-07-21T01:28:31+00:00,fed-sep26,No change,0.54,0.55,0.54,0.55,0.0,-0.0274,-0.0273
2026-07-21T01:28:31+00:00,fed-sep26,25 bps increase,0.41,0.42,0.41,0.42,0.0,-0.0269,-0.0271
2026-07-21T01:28:31+00:00,fed-sep26,25 bps decrease,0.033,0.035,0.03,0.04,0.001,-0.007,-0.0097
2026-07-21T01:28:31+00:00,fed-sep26,50+ bps decrease,0.019,0.02,0.01,0.03,0.0005,-0.0107,-0.013
2026-07-21T01:28:31+00:00,fed-oct26,No change,0.62,0.63,0.63,0.64,0.01,-0.0163,-0.0361
2026-07-21T01:28:31+00:00,fed-oct26,25 bps increase,0.19,0.2,0.18,0.19,-0.01,-0.0303,-0.0108
2026-07-21T01:28:31+00:00,fed-oct26,50+ bps increase,0.013,0.014,0.01,0.03,0.0065,-0.0047,-0.019
2026-07-21T01:28:31+00:00,fed-oct26,25 bps decrease,0.1,0.11,0.06,0.08,-0.035,-0.0539,0.0148
2026-07-21T04:44:20+00:00,fed-jul26,No change,0.927,0.928,0.93,0.94,0.0075,-0.0026,-0.0169
2026-07-21T04:44:20+00:00,fed-jul26,25 bps increase,0.065,0.066,0.06,0.07,-0.0005,-0.0099,-0.0096
2026-07-21T04:44:20+00:00,fed-sep26,No change,0.54,0.55,0.54,0.55,0.0,-0.0274,-0.0273
2026-07-21T04:44:20+00:00,fed-sep26,25 bps increase,0.41,0.42,0.41,0.42,0.0,-0.0269,-0.0271
2026-07-21T04:44:20+00:00,fed-sep26,25 bps decrease,0.033,0.034,0.03,0.04,0.0015,-0.006,-0.0097
2026-07-21T04:44:20+00:00,fed-sep26,50+ bps decrease,0.019,0.02,0.01,0.03,0.0005,-0.0107,-0.013
2026-07-21T04:44:20+00:00,fed-oct26,No change,0.62,0.63,0.63,0.64,0.01,-0.0163,-0.0361
2026-07-21T04:44:20+00:00,fed-oct26,25 bps increase,0.19,0.2,0.18,0.19,-0.01,-0.0303,-0.0108
2026-07-21T04:44:20+00:00,fed-oct26,50+ bps increase,0.013,0.014,0.01,0.03,0.0065,-0.0047,-0.019
2026-07-21T04:44:20+00:00,fed-oct26,25 bps decrease,0.1,0.11,0.07,0.08,-0.03,-0.0446,0.0148
2026-07-21T07:28:46+00:00,fed-jul26,No change,0.931,0.932,0.93,0.94,0.0035,-0.0066,-0.0129
2026-07-21T07:28:46+00:00,fed-jul26,25 bps increase,0.065,0.066,0.05,0.06,-0.0105,-0.0193,0.0011
2026-07-21T07:28:46+00:00,fed-sep26,No change,0.53,0.54,0.55,0.56,0.02,-0.0073,-0.0472
2026-07-21T07:28:46+00:00,fed-sep26,25 bps increase,0.41,0.42,0.41,0.42,0.0,-0.0269,-0.0271
2026-07-21T07:28:46+00:00,fed-sep26,25 bps decrease,0.033,0.035,0.03,0.04,0.001,-0.007,-0.0097
2026-07-21T07:28:46+00:00,fed-sep26,50+ bps decrease,0.019,0.02,0.01,0.03,0.0005,-0.0107,-0.013
2026-07-21T07:28:46+00:00,fed-oct26,No change,0.62,0.63,0.63,0.64,0.01,-0.0163,-0.0361
2026-07-21T07:28:46+00:00,fed-oct26,25 bps increase,0.19,0.21,0.18,0.19,-0.015,-0.0403,-0.0108
2026-07-21T07:28:46+00:00,fed-oct26,50+ bps increase,0.013,0.014,0.01,0.02,0.0015,-0.0047,-0.0084
2026-07-21T07:28:46+00:00,fed-oct26,25 bps decrease,0.1,0.11,0.07,0.08,-0.03,-0.0446,0.0148
2026-07-21T10:00:47+00:00,fed-jul26,No change,0.931,0.932,0.93,0.94,0.0035,-0.0066,-0.0129
2026-07-21T10:00:47+00:00,fed-jul26,25 bps increase,0.064,0.065,0.05,0.06,-0.0095,-0.0183,0.0001
2026-07-21T10:00:47+00:00,fed-sep26,No change,0.54,0.55,0.57,0.58,0.03,0.0028,-0.0571
2026-07-21T10:00:47+00:00,fed-sep26,25 bps increase,0.41,0.42,0.41,0.42,0.0,-0.0269,-0.0271
2026-07-21T10:00:47+00:00,fed-sep26,25 bps decrease,0.033,0.034,0.03,0.04,0.0015,-0.006,-0.0097
2026-07-21T10:00:47+00:00,fed-sep26,50+ bps decrease,0.019,0.02,0.01,0.03,0.0005,-0.0107,-0.013
2026-07-21T10:00:47+00:00,fed-oct26,No change,0.62,0.64,0.63,0.64,0.005,-0.0263,-0.0361
2026-07-21T10:00:47+00:00,fed-oct26,25 bps increase,0.19,0.21,0.18,0.19,-0.015,-0.0403,-0.0108
2026-07-21T10:00:47+00:00,fed-oct26,50+ bps increase,0.013,0.014,0.01,0.02,0.0015,-0.0047,-0.0084
2026-07-21T10:00:47+00:00,fed-oct26,25 bps decrease,0.1,0.11,0.07,0.08,-0.03,-0.0446,0.0148
2026-07-21T11:48:42+00:00,fed-jul26,No change,0.931,0.932,0.93,0.94,0.0035,-0.0066,-0.0129
2026-07-21T11:48:42+00:00,fed-jul26,25 bps increase,0.066,0.067,0.05,0.06,-0.0115,-0.0203,0.0021
2026-07-21T11:48:43+00:00,fed-sep26,No change,0.54,0.55,0.57,0.58,0.03,0.0028,-0.0571
2026-07-21T11:48:43+00:00,fed-sep26,25 bps increase,0.41,0.42,0.41,0.42,0.0,-0.0269,-0.0271
2026-07-21T11:48:43+00:00,fed-sep26,25 bps decrease,0.033,0.034,0.03,0.04,0.0015,-0.006,-0.0097
2026-07-21T11:48:43+00:00,fed-sep26,50+ bps decrease,0.019,0.02,0.01,0.03,0.0005,-0.0107,-0.013
2026-07-21T11:48:43+00:00,fed-oct26,No change,0.62,0.64,0.63,0.64,0.005,-0.0263,-0.0361
2026-07-21T11:48:43+00:00,fed-oct26,25 bps increase,0.2,0.21,0.18,0.19,-0.02,-0.0403,-0.0008
2026-07-21T11:48:43+00:00,fed-oct26,50+ bps increase,0.013,0.014,0.01,0.02,0.0015,-0.0047,-0.0084
2026-07-21T11:48:43+00:00,fed-oct26,25 bps decrease,0.1,0.11,0.07,0.08,-0.03,-0.0446,0.0148
2026-07-21T13:15:56+00:00,fed-jul26,No change,0.929,0.93,0.93,0.94,0.0055,-0.0046,-0.0149
2026-07-21T13:15:56+00:00,fed-jul26,25 bps increase,0.067,0.068,0.05,0.06,-0.0125,-0.0213,0.0031
2026-07-21T13:15:56+00:00,fed-sep26,No change,0.53,0.54,0.57,0.58,0.04,0.0128,-0.0671
2026-07-21T13:15:56+00:00,fed-sep26,25 bps increase,0.43,0.44,0.41,0.42,-0.02,-0.0469,-0.0071
2026-07-21T13:15:56+00:00,fed-sep26,25 bps decrease,0.03,0.031,0.03,0.04,0.0045,-0.003,-0.0127
2026-07-21T13:15:56+00:00,fed-sep26,50+ bps decrease,0.019,0.02,0.01,0.03,0.0005,-0.0107,-0.013
2026-07-21T13:15:56+00:00,fed-oct26,No change,0.62,0.64,0.63,0.64,0.005,-0.0263,-0.0361
2026-07-21T13:15:56+00:00,fed-oct26,25 bps increase,0.2,0.21,0.18,0.19,-0.02,-0.0403,-0.0008
2026-07-21T13:15:56+00:00,fed-oct26,50+ bps increase,0.013,0.014,0.01,0.02,0.0015,-0.0047,-0.0084
2026-07-21T13:15:56+00:00,fed-oct26,25 bps decrease,0.11,0.12,0.07,0.09,-0.035,-0.0546,0.0143
2026-07-21T15:23:23+00:00,fed-jul26,No change,0.874,0.882,0.87,0.88,-0.003,-0.0199,-0.0134
2026-07-21T15:23:23+00:00,fed-jul26,25 bps increase,0.113,0.114,0.11,0.12,0.0015,-0.0109,-0.0144
2026-07-21T15:23:23+00:00,fed-sep26,No change,0.5,0.51,0.51,0.58,0.04,-0.0175,-0.0971
2026-07-21T15:23:23+00:00,fed-sep26,25 bps increase,0.47,0.48,0.41,0.47,-0.035,-0.0869,-0.0174
2026-07-21T15:23:23+00:00,fed-sep26,25 bps decrease,0.019,0.02,0.03,0.04,0.0155,0.008,-0.0237
2026-07-21T15:23:23+00:00,fed-sep26,50+ bps decrease,0.019,0.021,0.01,0.02,-0.005,-0.0117,-0.0024
2026-07-21T15:23:24+00:00,fed-oct26,No change,0.63,0.64,0.63,0.64,0.0,-0.0263,-0.0261
2026-07-21T15:23:24+00:00,fed-oct26,25 bps increase,0.2,0.21,0.19,0.2,-0.01,-0.0308,-0.0112
2026-07-21T15:23:24+00:00,fed-oct26,50+ bps increase,0.013,0.014,0.01,0.02,0.0015,-0.0047,-0.0084
2026-07-21T15:23:24+00:00,fed-oct26,25 bps decrease,0.11,0.12,0.07,0.09,-0.035,-0.0546,0.0143
2026-07-21T16:53:56+00:00,fed-jul26,No change,0.873,0.874,0.87,0.88,0.0015,-0.0119,-0.0144
2026-07-21T16:53:56+00:00,fed-jul26,25 bps increase,0.119,0.12,0.11,0.12,-0.0045,-0.0169,-0.0084
2026-07-21T16:53:56+00:00,fed-sep26,No change,0.48,0.49,0.5,0.51,0.02,-0.0075,-0.0475
2026-07-21T16:53:56+00:00,fed-sep26,25 bps increase,0.49,0.5,0.49,0.5,0.0,-0.0275,-0.0275
2026-07-21T16:53:56+00:00,fed-sep26,25 bps decrease,0.02,0.022,0.03,0.04,0.014,0.006,-0.0227
2026-07-21T16:53:56+00:00,fed-sep26,50+ bps decrease,0.019,0.021,0.01,0.02,-0.005,-0.0117,-0.0024
2026-07-21T16:53:56+00:00,fed-oct26,No change,0.63,0.64,0.63,0.64,0.0,-0.0263,-0.0261
2026-07-21T16:53:56+00:00,fed-oct26,25 bps increase,0.2,0.21,0.19,0.2,-0.01,-0.0308,-0.0112
2026-07-21T16:53:56+00:00,fed-oct26,50+ bps increase,0.013,0.014,0.01,0.02,0.0015,-0.0047,-0.0084
2026-07-21T16:53:56+00:00,fed-oct26,25 bps decrease,0.1,0.11,0.07,0.08,-0.03,-0.0446,0.0148
2026-07-21T18:10:07+00:00,fed-jul26,No change,0.852,0.862,0.85,0.86,-0.002,-0.0209,-0.0164
2026-07-21T18:10:07+00:00,fed-jul26,25 bps increase,0.13,0.138,0.15,0.16,0.021,0.0031,-0.0394
2026-07-21T18:10:07+00:00,fed-sep26,No change,0.48,0.49,0.48,0.49,0.0,-0.0275,-0.0275
2026-07-21T18:10:07+00:00,fed-sep26,25 bps increase,0.49,0.5,0.5,0.51,0.01,-0.0175,-0.0375
2026-07-21T18:10:07+00:00,fed-sep26,25 bps decrease,0.026,0.028,0.03,0.04,0.008,-0.0,-0.0167
2026-07-21T18:10:07+00:00,fed-sep26,50+ bps decrease,0.019,0.02,0.01,0.02,-0.0045,-0.0107,-0.0024
2026-07-21T18:10:07+00:00,fed-oct26,No change,0.62,0.64,0.63,0.64,0.005,-0.0263,-0.0361
2026-07-21T18:10:07+00:00,fed-oct26,25 bps increase,0.2,0.23,0.19,0.2,-0.02,-0.0508,-0.0112
2026-07-21T18:10:07+00:00,fed-oct26,50+ bps increase,0.013,0.014,0.01,0.02,0.0015,-0.0047,-0.0084
2026-07-21T18:10:07+00:00,fed-oct26,25 bps decrease,0.1,0.11,0.07,0.08,-0.03,-0.0446,0.0148
2026-07-21T20:00:51+00:00,fed-jul26,No change,0.817,0.818,0.82,0.83,0.0075,-0.0083,-0.0229
2026-07-21T20:00:51+00:00,fed-jul26,25 bps increase,0.171,0.172,0.16,0.17,-0.0065,-0.0214,-0.0089
2026-07-21T20:00:51+00:00,fed-jul26,50+ bps increase,0.005,0.006,0.01,0.02,0.0095,0.0033,-0.0164
2026-07-21T20:00:52+00:00,fed-sep26,No change,0.43,0.44,0.43,0.48,0.02,-0.0272,-0.0675
2026-07-21T20:00:52+00:00,fed-sep26,25 bps increase,0.49,0.5,0.48,0.51,0.0,-0.0375,-0.0375
2026-07-21T20:00:52+00:00,fed-sep26,50+ bps increase,0.006,0.007,0.01,0.02,0.0085,0.0023,-0.0154
2026-07-21T20:00:52+00:00,fed-sep26,25 bps decrease,0.026,0.028,0.03,0.04,0.008,-0.0,-0.0167
2026-07-21T20:00:52+00:00,fed-sep26,50+ bps decrease,0.019,0.021,0.01,0.02,-0.005,-0.0117,-0.0024
2026-07-21T20:00:52+00:00,fed-oct26,No change,0.61,0.62,0.63,0.64,0.02,-0.0063,-0.0461
2026-07-21T20:00:52+00:00,fed-oct26,25 bps increase,0.22,0.25,0.19,0.2,-0.04,-0.0708,0.0088
2026-07-21T20:00:52+00:00,fed-oct26,50+ bps increase,0.013,0.014,0.01,0.02,0.0015,-0.0047,-0.0084
2026-07-21T20:00:52+00:00,fed-oct26,25 bps decrease,0.1,0.11,0.08,0.09,-0.02,-0.0352,0.0043
2026-07-21T21:08:54+00:00,fed-jul26,No change,0.818,0.819,0.84,0.85,0.0265,0.0116,-0.0409
2026-07-21T21:08:54+00:00,fed-jul26,25 bps increase,0.166,0.174,0.14,0.15,-0.025,-0.0424,0.0071
2026-07-21T21:08:54+00:00,fed-jul26,50+ bps increase,0.005,0.006,0.01,0.02,0.0095,0.0033,-0.0164
2026-07-21T21:08:54+00:00,fed-sep26,No change,0.44,0.45,0.47,0.48,0.03,0.0026,-0.0575
2026-07-21T21:08:54+00:00,fed-sep26,25 bps increase,0.48,0.5,0.45,0.49,-0.02,-0.0673,-0.0275
2026-07-21T21:08:54+00:00,fed-sep26,50+ bps increase,0.006,0.007,0.01,0.02,0.0085,0.0023,-0.0154
2026-07-21T21:08:54+00:00,fed-sep26,25 bps decrease,0.026,0.027,0.03,0.04,0.0085,0.001,-0.0167
2026-07-21T21:08:54+00:00,fed-sep26,50+ bps decrease,0.019,0.02,0.01,0.03,0.0005,-0.0107,-0.013
2026-07-21T21:08:55+00:00,fed-oct26,No change,0.61,0.62,0.63,0.64,0.02,-0.0063,-0.0461
2026-07-21T21:08:55+00:00,fed-oct26,25 bps increase,0.22,0.25,0.19,0.2,-0.04,-0.0708,0.0088
2026-07-21T21:08:55+00:00,fed-oct26,50+ bps increase,0.013,0.014,0.01,0.02,0.0015,-0.0047,-0.0084
2026-07-21T21:08:55+00:00,fed-oct26,25 bps decrease,0.1,0.11,0.08,0.09,-0.02,-0.0352,0.0043
2026-07-21T21:08:55+00:00,fed-oct26,50+ bps decrease,0.04,0.055,0.02,0.03,-0.0225,-0.0364,0.008
2026-07-21T22:27:01+00:00,fed-jul26,No change,0.833,0.836,0.84,0.85,0.0105,-0.0054,-0.0259
2026-07-21T22:27:01+00:00,fed-jul26,25 bps increase,0.157,0.158,0.14,0.15,-0.0125,-0.0264,-0.0019
2026-07-21T22:27:01+00:00,fed-jul26,50+ bps increase,0.005,0.006,0.01,0.02,0.0095,0.0033,-0.0164
2026-07-21T22:27:01+00:00,fed-sep26,No change,0.44,0.45,0.44,0.46,0.005,-0.0272,-0.0374
2026-07-21T22:27:01+00:00,fed-sep26,25 bps increase,0.48,0.49,0.46,0.5,-0.005,-0.0474,-0.0375
2026-07-21T22:27:01+00:00,fed-sep26,50+ bps increase,0.006,0.007,0.01,0.02,0.0085,0.0023,-0.0154
2026-07-21T22:27:01+00:00,fed-sep26,25 bps decrease,0.026,0.027,0.03,0.04,0.0085,0.001,-0.0167
2026-07-21T22:27:01+00:00,fed-sep26,50+ bps decrease,0.019,0.02,0.01,0.03,0.0005,-0.0107,-0.013
2026-07-21T22:27:01+00:00,fed-oct26,No change,0.61,0.62,0.63,0.64,0.02,-0.0063,-0.0461
2026-07-21T22:27:01+00:00,fed-oct26,25 bps increase,0.22,0.25,0.19,0.2,-0.04,-0.0708,0.0088
2026-07-21T22:27:01+00:00,fed-oct26,50+ bps increase,0.013,0.014,0.01,0.02,0.0015,-0.0047,-0.0084
2026-07-21T22:27:01+00:00,fed-oct26,25 bps decrease,0.1,0.11,0.08,0.09,-0.02,-0.0352,0.0043
2026-07-21T22:27:01+00:00,fed-oct26,50+ bps decrease,0.04,0.055,0.02,0.03,-0.0225,-0.0364,0.008
2026-07-21T23:28:22+00:00,fed-jul26,No change,0.842,0.843,0.85,0.86,0.0125,-0.0019,-0.0264
2026-07-21T23:28:22+00:00,fed-jul26,25 bps increase,0.144,0.149,0.14,0.15,-0.0015,-0.0174,-0.0149
2026-07-21T23:28:22+00:00,fed-jul26,50+ bps increase,0.005,0.006,0.01,0.02,0.0095,0.0033,-0.0164
2026-07-21T23:28:22+00:00,fed-sep26,No change,0.44,0.45,0.44,0.46,0.005,-0.0272,-0.0374
2026-07-21T23:28:22+00:00,fed-sep26,25 bps increase,0.48,0.49,0.47,0.49,-0.005,-0.0374,-0.0275
2026-07-21T23:28:22+00:00,fed-sep26,50+ bps increase,0.006,0.007,0.01,0.02,0.0085,0.0023,-0.0154
2026-07-21T23:28:22+00:00,fed-sep26,25 bps decrease,0.026,0.027,0.03,0.04,0.0085,0.001,-0.0167
2026-07-21T23:28:22+00:00,fed-sep26,50+ bps decrease,0.019,0.02,0.01,0.03,0.0005,-0.0107,-0.013
2026-07-21T23:28:22+00:00,fed-oct26,No change,0.61,0.62,0.63,0.64,0.02,-0.0063,-0.0461
2026-07-21T23:28:22+00:00,fed-oct26,25 bps increase,0.22,0.25,0.19,0.2,-0.04,-0.0708,0.0088
2026-07-21T23:28:22+00:00,fed-oct26,50+ bps increase,0.013,0.014,0.01,0.02,0.0015,-0.0047,-0.0084
2026-07-21T23:28:22+00:00,fed-oct26,25 bps decrease,0.1,0.11,0.08,0.09,-0.02,-0.0352,0.0043
2026-07-21T23:28:22+00:00,fed-oct26,50+ bps decrease,0.04,0.055,0.02,0.03,-0.0225,-0.0364,0.008
2026-07-22T00:16:16+00:00,fed-jul26,No change,0.85,0.851,0.85,0.86,0.0045,-0.0099,-0.0184
2026-07-22T00:16:16+00:00,fed-jul26,25 bps increase,0.144,0.145,0.14,0.15,0.0005,-0.0134,-0.0149
2026-07-22T00:16:16+00:00,fed-jul26,50+ bps increase,0.005,0.006,0.01,0.02,0.0095,0.0033,-0.0164
2026-07-22T00:16:16+00:00,fed-sep26,No change,0.44,0.45,0.44,0.45,0.0,-0.0272,-0.0273
2026-07-22T00:16:16+00:00,fed-sep26,25 bps increase,0.48,0.49,0.48,0.49,0.0,-0.0275,-0.0275
2026-07-22T00:16:16+00:00,fed-sep26,50+ bps increase,0.006,0.007,0.01,0.02,0.0085,0.0023,-0.0154
2026-07-22T00:16:16+00:00,fed-sep26,25 bps decrease,0.026,0.027,0.03,0.04,0.0085,0.001,-0.0167
2026-07-22T00:16:16+00:00,fed-sep26,50+ bps decrease,0.019,0.02,0.01,0.03,0.0005,-0.0107,-0.013
2026-07-22T00:16:16+00:00,fed-oct26,No change,0.61,0.62,0.63,0.64,0.02,-0.0063,-0.0461
2026-07-22T00:16:16+00:00,fed-oct26,25 bps increase,0.24,0.26,0.19,0.2,-0.055,-0.0808,0.0288
2026-07-22T00:16:16+00:00,fed-oct26,50+ bps increase,0.013,0.014,0.01,0.02,0.0015,-0.0047,-0.0084
2026-07-22T00:16:16+00:00,fed-oct26,25 bps decrease,0.1,0.11,0.08,0.09,-0.02,-0.0352,0.0043
2026-07-22T00:16:16+00:00,fed-oct26,50+ bps decrease,0.04,0.055,0.02,0.03,-0.0225,-0.0364,0.008
2026-07-22T03:56:35+00:00,fed-jul26,No change,0.853,0.854,0.86,0.87,0.0115,-0.0024,-0.0249
2026-07-22T03:56:35+00:00,fed-jul26,25 bps increase,0.144,0.145,0.13,0.14,-0.0095,-0.0229,-0.0044
2026-07-22T03:56:35+00:00,fed-sep26,No change,0.43,0.44,0.45,0.47,0.025,-0.0073,-0.0574
2026-07-22T03:56:35+00:00,fed-sep26,25 bps increase,0.48,0.49,0.48,0.49,0.0,-0.0275,-0.0275
2026-07-22T03:56:35+00:00,fed-sep26,50+ bps increase,0.006,0.007,0.01,0.02,0.0085,0.0023,-0.0154
2026-07-22T03:56:35+00:00,fed-sep26,25 bps decrease,0.026,0.027,0.03,0.04,0.0085,0.001,-0.0167
2026-07-22T03:56:35+00:00,fed-sep26,50+ bps decrease,0.019,0.02,0.01,0.03,0.0005,-0.0107,-0.013
2026-07-22T03:56:35+00:00,fed-oct26,No change,0.61,0.62,0.63,0.64,0.02,-0.0063,-0.0461
2026-07-22T03:56:35+00:00,fed-oct26,25 bps increase,0.24,0.26,0.28,0.31,0.045,0.0059,-0.085
2026-07-22T03:56:35+00:00,fed-oct26,50+ bps increase,0.013,0.014,0.01,0.02,0.0015,-0.0047,-0.0084
2026-07-22T03:56:35+00:00,fed-oct26,25 bps decrease,0.09,0.11,0.08,0.09,-0.015,-0.0352,-0.0057
2026-07-22T03:56:35+00:00,fed-oct26,50+ bps decrease,0.04,0.055,0.02,0.03,-0.0225,-0.0364,0.008
2026-07-22T06:22:25+00:00,fed-jul26,No change,0.853,0.854,0.85,0.86,0.0015,-0.0129,-0.0154
2026-07-22T06:22:25+00:00,fed-jul26,25 bps increase,0.144,0.145,0.13,0.14,-0.0095,-0.0229,-0.0044
2026-07-22T06:22:25+00:00,fed-sep26,No change,0.43,0.44,0.46,0.5,0.045,0.0026,-0.0875
2026-07-22T06:22:25+00:00,fed-sep26,25 bps increase,0.48,0.49,0.48,0.49,0.0,-0.0275,-0.0275
2026-07-22T06:22:25+00:00,fed-sep26,50+ bps increase,0.006,0.007,0.01,0.02,0.0085,0.0023,-0.0154
2026-07-22T06:22:25+00:00,fed-sep26,25 bps decrease,0.026,0.027,0.03,0.04,0.0085,0.001,-0.0167
2026-07-22T06:22:25+00:00,fed-sep26,50+ bps decrease,0.019,0.02,0.01,0.03,0.0005,-0.0107,-0.013
2026-07-22T06:22:25+00:00,fed-oct26,No change,0.61,0.62,0.63,0.64,0.02,-0.0063,-0.0461
2026-07-22T06:22:25+00:00,fed-oct26,25 bps increase,0.24,0.26,0.23,0.32,0.025,-0.0424,-0.0952
2026-07-22T06:22:25+00:00,fed-oct26,50+ bps increase,0.013,0.014,0.01,0.02,0.0015,-0.0047,-0.0084
2026-07-22T06:22:25+00:00,fed-oct26,25 bps decrease,0.09,0.11,0.08,0.11,-0.005,-0.0352,-0.0269
2026-07-22T06:22:25+00:00,fed-oct26,50+ bps decrease,0.04,0.055,0.02,0.03,-0.0225,-0.0364,0.008
2026-07-22T09:08:31+00:00,fed-jul26,No change,0.859,0.86,0.85,0.86,-0.0045,-0.0189,-0.0094
2026-07-22T09:08:31+00:00,fed-jul26,25 bps increase,0.131,0.133,0.13,0.14,0.003,-0.0109,-0.0174
2026-07-22T09:08:31+00:00,fed-sep26,No change,0.43,0.44,0.45,0.49,0.035,-0.0073,-0.0775
2026-07-22T09:08:31+00:00,fed-sep26,25 bps increase,0.48,0.49,0.47,0.48,-0.01,-0.0374,-0.0175
2026-07-22T09:08:31+00:00,fed-sep26,50+ bps increase,0.007,0.008,0.01,0.02,0.0075,0.0013,-0.0144
2026-07-22T09:08:31+00:00,fed-sep26,25 bps decrease,0.027,0.028,0.03,0.04,0.0075,-0.0,-0.0157
2026-07-22T09:08:31+00:00,fed-sep26,50+ bps decrease,0.02,0.021,0.01,0.03,-0.0005,-0.0117,-0.012
2026-07-22T09:08:31+00:00,fed-oct26,No change,0.61,0.62,0.63,0.64,0.02,-0.0063,-0.0461
2026-07-22T09:08:31+00:00,fed-oct26,25 bps increase,0.26,0.27,0.22,0.32,0.005,-0.062,-0.0752
2026-07-22T09:08:31+00:00,fed-oct26,50+ bps increase,0.013,0.014,0.01,0.02,0.0015,-0.0047,-0.0084
2026-07-22T09:08:31+00:00,fed-oct26,25 bps decrease,0.09,0.11,0.07,0.11,-0.01,-0.0446,-0.0269
2026-07-22T09:08:31+00:00,fed-oct26,50+ bps decrease,0.04,0.054,0.02,0.03,-0.022,-0.0354,0.008
2026-07-22T11:25:16+00:00,fed-jul26,No change,0.853,0.854,0.84,0.85,-0.0085,-0.0234,-0.0059
2026-07-22T11:25:16+00:00,fed-jul26,25 bps increase,0.138,0.14,0.13,0.14,-0.004,-0.0179,-0.0104
2026-07-22T11:25:16+00:00,fed-sep26,No change,0.45,0.46,0.46,0.5,0.025,-0.0174,-0.0675
2026-07-22T11:25:16+00:00,fed-sep26,25 bps increase,0.48,0.49,0.47,0.48,-0.01,-0.0374,-0.0175
2026-07-22T11:25:16+00:00,fed-sep26,50+ bps increase,0.007,0.008,0.01,0.02,0.0075,0.0013,-0.0144
2026-07-22T11:25:16+00:00,fed-sep26,25 bps decrease,0.033,0.034,0.03,0.04,0.0015,-0.006,-0.0097
2026-07-22T11:25:16+00:00,fed-sep26,50+ bps decrease,0.02,0.021,0.01,0.03,-0.0005,-0.0117,-0.012
2026-07-22T11:25:16+00:00,fed-oct26,No change,0.61,0.62,0.63,0.64,0.02,-0.0063,-0.0461
2026-07-22T11:25:16+00:00,fed-oct26,25 bps increase,0.26,0.27,0.23,0.32,0.01,-0.0524,-0.0752
2026-07-22T11:25:16+00:00,fed-oct26,50+ bps increase,0.013,0.014,0.01,0.03,0.0065,-0.0047,-0.019
2026-07-22T11:25:16+00:00,fed-oct26,25 bps decrease,0.1,0.11,0.06,0.11,-0.02,-0.0539,-0.0169
2026-07-22T11:25:16+00:00,fed-oct26,50+ bps decrease,0.04,0.051,0.02,0.03,-0.0205,-0.0324,0.008
2026-07-22T12:55:45+00:00,fed-jul26,No change,0.83,0.836,0.83,0.84,0.002,-0.0159,-0.0194
2026-07-22T12:55:45+00:00,fed-jul26,25 bps increase,0.155,0.159,0.16,0.17,0.008,-0.0084,-0.0249
2026-07-22T12:55:45+00:00,fed-sep26,No change,0.45,0.46,0.46,0.5,0.025,-0.0174,-0.0675
2026-07-22T12:55:45+00:00,fed-sep26,25 bps increase,0.48,0.49,0.46,0.48,-0.015,-0.0474,-0.0175
2026-07-22T12:55:45+00:00,fed-sep26,50+ bps increase,0.007,0.008,0.01,0.02,0.0075,0.0013,-0.0144
2026-07-22T12:55:45+00:00,fed-sep26,25 bps decrease,0.03,0.031,0.03,0.04,0.0045,-0.003,-0.0127
2026-07-22T12:55:45+00:00,fed-sep26,50+ bps decrease,0.019,0.02,0.01,0.03,0.0005,-0.0107,-0.013
2026-07-22T12:55:45+00:00,fed-oct26,No change,0.61,0.62,0.63,0.64,0.02,-0.0063,-0.0461
2026-07-22T12:55:45+00:00,fed-oct26,25 bps increase,0.26,0.27,0.24,0.33,0.02,-0.0428,-0.0855
2026-07-22T12:55:45+00:00,fed-oct26,50+ bps increase,0.013,0.014,0.01,0.02,0.0015,-0.0047,-0.0084
2026-07-22T12:55:45+00:00,fed-oct26,25 bps decrease,0.08,0.1,0.07,0.1,-0.005,-0.0346,-0.0263
2026-07-22T12:55:45+00:00,fed-oct26,50+ bps decrease,0.031,0.054,0.02,0.03,-0.0175,-0.0354,-0.001
2026-07-22T14:56:22+00:00,fed-jul26,No change,0.75,0.751,0.76,0.77,0.0145,-0.0038,-0.0324
2026-07-22T14:56:22+00:00,fed-jul26,25 bps increase,0.241,0.242,0.22,0.23,-0.0165,-0.034,-0.0014
2026-07-22T14:56:22+00:00,fed-sep26,No change,0.45,0.46,0.49,0.5,0.04,0.0125,-0.0675
2026-07-22T14:56:22+00:00,fed-sep26,25 bps increase,0.48,0.49,0.47,0.48,-0.01,-0.0374,-0.0175
2026-07-22T14:56:22+00:00,fed-sep26,50+ bps increase,0.007,0.008,0.01,0.02,0.0075,0.0013,-0.0144
2026-07-22T14:56:22+00:00,fed-sep26,25 bps decrease,0.03,0.031,0.03,0.04,0.0045,-0.003,-0.0127
2026-07-22T14:56:22+00:00,fed-sep26,50+ bps decrease,0.019,0.02,0.01,0.03,0.0005,-0.0107,-0.013
2026-07-22T14:56:23+00:00,fed-oct26,No change,0.6,0.61,0.63,0.64,0.03,0.0037,-0.0561
2026-07-22T14:56:23+00:00,fed-oct26,25 bps increase,0.29,0.31,0.27,0.3,-0.015,-0.0538,-0.0247
2026-07-22T14:56:23+00:00,fed-oct26,50+ bps increase,0.009,0.01,0.01,0.02,0.0055,-0.0007,-0.0124
2026-07-22T14:56:23+00:00,fed-oct26,25 bps decrease,0.08,0.1,0.07,0.1,-0.005,-0.0346,-0.0263
2026-07-22T14:56:23+00:00,fed-oct26,50+ bps decrease,0.024,0.03,0.02,0.03,-0.002,-0.0114,-0.008
2026-07-22T16:15:33+00:00,fed-jul26,No change,0.759,0.76,0.76,0.77,0.0055,-0.0128,-0.0234
2026-07-22T16:15:33+00:00,fed-jul26,25 bps increase,0.22,0.221,0.23,0.24,0.0145,-0.0034,-0.0328
2026-07-22T16:15:33+00:00,fed-sep26,No change,0.44,0.46,0.49,0.5,0.045,0.0125,-0.0775
2026-07-22T16:15:33+00:00,fed-sep26,25 bps increase,0.48,0.49,0.45,0.48,-0.02,-0.0573,-0.0175
2026-07-22T16:15:33+00:00,fed-sep26,50+ bps increase,0.007,0.009,0.01,0.02,0.007,0.0003,-0.0144
2026-07-22T16:15:33+00:00,fed-sep26,25 bps decrease,0.03,0.031,0.03,0.04,0.0045,-0.003,-0.0127
2026-07-22T16:15:33+00:00,fed-sep26,50+ bps decrease,0.019,0.02,0.01,0.03,0.0005,-0.0107,-0.013
2026-07-22T16:15:33+00:00,fed-oct26,No change,0.6,0.61,0.63,0.64,0.03,0.0037,-0.0561
2026-07-22T16:15:33+00:00,fed-oct26,25 bps increase,0.3,0.31,0.28,0.3,-0.015,-0.0441,-0.0147
2026-07-22T16:15:33+00:00,fed-oct26,50+ bps increase,0.008,0.009,0.01,0.02,0.0065,0.0003,-0.0134
2026-07-22T16:15:33+00:00,fed-oct26,25 bps decrease,0.08,0.09,0.07,0.1,0.0,-0.0246,-0.0263
2026-07-22T16:15:33+00:00,fed-oct26,50+ bps decrease,0.024,0.026,0.02,0.03,0.0,-0.0074,-0.008
2026-07-22T17:49:10+00:00,fed-jul26,No change,0.778,0.779,0.76,0.77,-0.0135,-0.0318,-0.0044
2026-07-22T17:49:10+00:00,fed-jul26,25 bps increase,0.212,0.217,0.22,0.23,0.0105,-0.009,-0.0304
2026-07-22T17:49:10+00:00,fed-sep26,No change,0.45,0.46,0.49,0.5,0.04,0.0125,-0.0675
2026-07-22T17:49:10+00:00,fed-sep26,25 bps increase,0.49,0.5,0.45,0.48,-0.03,-0.0673,-0.0075
2026-07-22T17:49:10+00:00,fed-sep26,50+ bps increase,0.008,0.01,0.01,0.02,0.006,-0.0007,-0.0134
2026-07-22T17:49:10+00:00,fed-sep26,25 bps decrease,0.032,0.034,0.03,0.04,0.002,-0.006,-0.0107
2026-07-22T17:49:10+00:00,fed-sep26,50+ bps decrease,0.02,0.021,0.01,0.03,-0.0005,-0.0117,-0.012
2026-07-22T17:49:10+00:00,fed-oct26,No change,0.6,0.61,0.63,0.64,0.03,0.0037,-0.0561
2026-07-22T17:49:10+00:00,fed-oct26,25 bps increase,0.3,0.31,0.26,0.29,-0.03,-0.0635,-0.0044
2026-07-22T17:49:10+00:00,fed-oct26,50+ bps increase,0.008,0.009,0.01,0.02,0.0065,0.0003,-0.0134
2026-07-22T17:49:10+00:00,fed-oct26,25 bps decrease,0.08,0.09,0.07,0.1,0.0,-0.0246,-0.0263
2026-07-22T17:49:10+00:00,fed-oct26,50+ bps decrease,0.024,0.026,0.02,0.03,0.0,-0.0074,-0.008
2026-07-22T18:57:35+00:00,fed-jul26,No change,0.779,0.78,0.76,0.77,-0.0145,-0.0328,-0.0034
2026-07-22T18:57:35+00:00,fed-jul26,25 bps increase,0.218,0.22,0.22,0.23,0.006,-0.012,-0.0244
2026-07-22T18:57:35+00:00,fed-sep26,No change,0.45,0.46,0.49,0.5,0.04,0.0125,-0.0675
2026-07-22T18:57:35+00:00,fed-sep26,25 bps increase,0.49,0.5,0.45,0.48,-0.03,-0.0673,-0.0075
2026-07-22T18:57:35+00:00,fed-sep26,50+ bps increase,0.008,0.01,0.01,0.02,0.006,-0.0007,-0.0134
2026-07-22T18:57:35+00:00,fed-sep26,25 bps decrease,0.032,0.033,0.03,0.04,0.0025,-0.005,-0.0107
2026-07-22T18:57:35+00:00,fed-sep26,50+ bps decrease,0.02,0.021,0.01,0.03,-0.0005,-0.0117,-0.012
2026-07-22T18:57:35+00:00,fed-oct26,No change,0.6,0.61,0.63,0.64,0.03,0.0037,-0.0561
2026-07-22T18:57:35+00:00,fed-oct26,25 bps increase,0.3,0.31,0.26,0.34,-0.005,-0.0635,-0.0557
2026-07-22T18:57:35+00:00,fed-oct26,50+ bps increase,0.008,0.009,0.01,0.02,0.0065,0.0003,-0.0134
2026-07-22T18:57:35+00:00,fed-oct26,25 bps decrease,0.08,0.1,0.07,0.1,-0.005,-0.0346,-0.0263
2026-07-22T18:57:35+00:00,fed-oct26,50+ bps decrease,0.024,0.026,0.02,0.03,0.0,-0.0074,-0.008
2026-07-22T20:08:21+00:00,fed-jul26,No change,0.767,0.768,0.76,0.77,-0.0025,-0.0208,-0.0154
2026-07-22T20:08:21+00:00,fed-jul26,25 bps increase,0.22,0.221,0.23,0.24,0.0145,-0.0034,-0.0328
2026-07-22T20:08:21+00:00,fed-sep26,No change,0.45,0.46,0.49,0.5,0.04,0.0125,-0.0675
2026-07-22T20:08:21+00:00,fed-sep26,25 bps increase,0.49,0.5,0.45,0.48,-0.03,-0.0673,-0.0075
2026-07-22T20:08:21+00:00,fed-sep26,50+ bps increase,0.008,0.01,0.01,0.02,0.006,-0.0007,-0.0134
2026-07-22T20:08:21+00:00,fed-sep26,25 bps decrease,0.032,0.033,0.03,0.04,0.0025,-0.005,-0.0107
2026-07-22T20:08:21+00:00,fed-sep26,50+ bps decrease,0.02,0.021,0.01,0.03,-0.0005,-0.0117,-0.012
2026-07-22T20:08:21+00:00,fed-oct26,No change,0.6,0.61,0.63,0.64,0.03,0.0037,-0.0561
2026-07-22T20:08:21+00:00,fed-oct26,25 bps increase,0.3,0.31,0.26,0.32,-0.015,-0.0635,-0.0352
2026-07-22T20:08:21+00:00,fed-oct26,50+ bps increase,0.008,0.009,0.01,0.02,0.0065,0.0003,-0.0134
2026-07-22T20:08:21+00:00,fed-oct26,25 bps decrease,0.08,0.1,0.07,0.1,-0.005,-0.0346,-0.0263
2026-07-22T20:08:21+00:00,fed-oct26,50+ bps decrease,0.024,0.026,0.02,0.03,0.0,-0.0074,-0.008
2026-07-22T21:36:45+00:00,fed-jul26,No change,0.768,0.769,0.76,0.78,0.0015,-0.0218,-0.024
2026-07-22T21:36:45+00:00,fed-jul26,25 bps increase,0.223,0.226,0.22,0.23,0.0005,-0.018,-0.0194
2026-07-22T21:36:45+00:00,fed-sep26,No change,0.45,0.46,0.49,0.5,0.04,0.0125,-0.0675
2026-07-22T21:36:45+00:00,fed-sep26,25 bps increase,0.49,0.5,0.45,0.48,-0.03,-0.0673,-0.0075
2026-07-22T21:36:45+00:00,fed-sep26,50+ bps increase,0.008,0.009,0.01,0.02,0.0065,0.0003,-0.0134
2026-07-22T21:36:45+00:00,fed-sep26,25 bps decrease,0.032,0.033,0.03,0.04,0.0025,-0.005,-0.0107
2026-07-22T21:36:45+00:00,fed-sep26,50+ bps decrease,0.02,0.021,0.01,0.03,-0.0005,-0.0117,-0.012
2026-07-22T21:36:45+00:00,fed-oct26,No change,0.6,0.61,0.63,0.64,0.03,0.0037,-0.0561
2026-07-22T21:36:45+00:00,fed-oct26,25 bps increase,0.3,0.31,0.27,0.3,-0.02,-0.0538,-0.0147
2026-07-22T21:36:45+00:00,fed-oct26,50+ bps increase,0.009,0.01,0.01,0.02,0.0055,-0.0007,-0.0124
2026-07-22T21:36:45+00:00,fed-oct26,25 bps decrease,0.08,0.09,0.07,0.1,0.0,-0.0246,-0.0263
2026-07-22T21:36:45+00:00,fed-oct26,50+ bps decrease,0.024,0.026,0.02,0.03,0.0,-0.0074,-0.008
2026-07-22T22:54:55+00:00,fed-jul26,No change,0.765,0.766,0.76,0.77,-0.0005,-0.0188,-0.0174
2026-07-22T22:54:55+00:00,fed-jul26,25 bps increase,0.228,0.232,0.22,0.23,-0.005,-0.024,-0.0144
2026-07-22T22:54:55+00:00,fed-sep26,No change,0.45,0.46,0.49,0.5,0.04,0.0125,-0.0675
2026-07-22T22:54:55+00:00,fed-sep26,25 bps increase,0.49,0.5,0.45,0.48,-0.03,-0.0673,-0.0075
2026-07-22T22:54:55+00:00,fed-sep26,50+ bps increase,0.008,0.009,0.01,0.02,0.0065,0.0003,-0.0134
2026-07-22T22:54:55+00:00,fed-sep26,25 bps decrease,0.032,0.033,0.03,0.04,0.0025,-0.005,-0.0107
2026-07-22T22:54:55+00:00,fed-sep26,50+ bps decrease,0.02,0.021,0.01,0.03,-0.0005,-0.0117,-0.012
2026-07-22T22:54:55+00:00,fed-oct26,No change,0.6,0.61,0.63,0.64,0.03,0.0037,-0.0561
2026-07-22T22:54:55+00:00,fed-oct26,25 bps increase,0.3,0.31,0.28,0.33,0.0,-0.0441,-0.0455
2026-07-22T22:54:55+00:00,fed-oct26,50+ bps increase,0.009,0.01,0.01,0.02,0.0055,-0.0007,-0.0124
2026-07-22T22:54:55+00:00,fed-oct26,25 bps decrease,0.08,0.09,0.07,0.1,0.0,-0.0246,-0.0263
2026-07-22T22:54:55+00:00,fed-oct26,50+ bps decrease,0.024,0.026,0.02,0.03,0.0,-0.0074,-0.008
2026-07-22T23:55:19+00:00,fed-jul26,No change,0.77,0.771,0.76,0.77,-0.0055,-0.0238,-0.0124
2026-07-22T23:55:19+00:00,fed-jul26,25 bps increase,0.225,0.229,0.22,0.24,0.003,-0.021,-0.0278
2026-07-22T23:55:19+00:00,fed-sep26,No change,0.45,0.46,0.49,0.5,0.04,0.0125,-0.0675
2026-07-22T23:55:19+00:00,fed-sep26,25 bps increase,0.49,0.5,0.45,0.48,-0.03,-0.0673,-0.0075
2026-07-22T23:55:19+00:00,fed-sep26,50+ bps increase,0.008,0.009,0.01,0.02,0.0065,0.0003,-0.0134
2026-07-22T23:55:19+00:00,fed-sep26,25 bps decrease,0.031,0.032,0.03,0.04,0.0035,-0.004,-0.0117
2026-07-22T23:55:19+00:00,fed-sep26,50+ bps decrease,0.019,0.02,0.01,0.03,0.0005,-0.0107,-0.013
2026-07-22T23:55:19+00:00,fed-oct26,No change,0.6,0.61,0.63,0.64,0.03,0.0037,-0.0561
2026-07-22T23:55:19+00:00,fed-oct26,25 bps increase,0.3,0.31,0.28,0.32,-0.005,-0.0441,-0.0352
2026-07-22T23:55:19+00:00,fed-oct26,50+ bps increase,0.009,0.01,0.01,0.02,0.0055,-0.0007,-0.0124
2026-07-22T23:55:19+00:00,fed-oct26,25 bps decrease,0.08,0.09,0.07,0.1,0.0,-0.0246,-0.0263
2026-07-22T23:55:19+00:00,fed-oct26,50+ bps decrease,0.024,0.026,0.02,0.03,0.0,-0.0074,-0.008
2026-07-23T01:47:10+00:00,fed-jul26,No change,0.752,0.753,0.75,0.77,0.0075,-0.0161,-0.0304
2026-07-23T01:47:10+00:00,fed-jul26,25 bps increase,0.233,0.235,0.23,0.24,0.001,-0.0174,-0.0198
2026-07-23T01:47:10+00:00,fed-sep26,No change,0.44,0.46,0.49,0.5,0.045,0.0125,-0.0775
2026-07-23T01:47:10+00:00,fed-sep26,25 bps increase,0.49,0.5,0.46,0.48,-0.025,-0.0574,-0.0075
2026-07-23T01:47:10+00:00,fed-sep26,50+ bps increase,0.008,0.01,0.01,0.02,0.006,-0.0007,-0.0134
2026-07-23T01:47:10+00:00,fed-sep26,25 bps decrease,0.031,0.032,0.03,0.04,0.0035,-0.004,-0.0117
2026-07-23T01:47:10+00:00,fed-sep26,50+ bps decrease,0.019,0.02,0.01,0.03,0.0005,-0.0107,-0.013
2026-07-23T01:47:10+00:00,fed-oct26,No change,0.59,0.6,0.63,0.64,0.04,0.0137,-0.0661
2026-07-23T01:47:10+00:00,fed-oct26,25 bps increase,0.31,0.32,0.29,0.33,-0.005,-0.0444,-0.0355
2026-07-23T01:47:10+00:00,fed-oct26,50+ bps increase,0.01,0.013,0.01,0.02,0.0035,-0.0037,-0.0114
2026-07-23T01:47:10+00:00,fed-oct26,25 bps decrease,0.08,0.1,0.07,0.08,-0.015,-0.0346,-0.0052
2026-07-23T01:47:10+00:00,fed-oct26,50+ bps decrease,0.023,0.025,0.02,0.03,0.001,-0.0064,-0.009
2026-07-23T05:16:56+00:00,fed-jul26,No change,0.753,0.754,0.76,0.77,0.0115,-0.0068,-0.0294
2026-07-23T05:16:56+00:00,fed-jul26,25 bps increase,0.24,0.242,0.23,0.24,-0.006,-0.0244,-0.0128
2026-07-23T05:16:56+00:00,fed-sep26,No change,0.44,0.45,0.49,0.5,0.05,0.0225,-0.0775
2026-07-23T05:16:56+00:00,fed-sep26,25 bps increase,0.49,0.5,0.47,0.48,-0.02,-0.0474,-0.0075
2026-07-23T05:16:56+00:00,fed-sep26,50+ bps increase,0.008,0.009,0.01,0.02,0.0065,0.0003,-0.0134
2026-07-23T05:16:56+00:00,fed-sep26,25 bps decrease,0.031,0.032,0.03,0.04,0.0035,-0.004,-0.0117
2026-07-23T05:16:56+00:00,fed-sep26,50+ bps decrease,0.019,0.02,0.01,0.03,0.0005,-0.0107,-0.013
2026-07-23T05:16:56+00:00,fed-oct26,No change,0.59,0.6,0.63,0.64,0.04,0.0137,-0.0661
2026-07-23T05:16:56+00:00,fed-oct26,25 bps increase,0.31,0.32,0.29,0.33,-0.005,-0.0444,-0.0355
2026-07-23T05:16:56+00:00,fed-oct26,50+ bps increase,0.009,0.013,0.01,0.02,0.004,-0.0037,-0.0124
2026-07-23T05:16:56+00:00,fed-oct26,25 bps decrease,0.09,0.1,0.07,0.08,-0.02,-0.0346,0.0048
2026-07-23T05:16:56+00:00,fed-oct26,50+ bps decrease,0.023,0.024,0.02,0.03,0.0015,-0.0054,-0.009
2026-07-23T07:56:14+00:00,fed-jul26,No change,0.761,0.762,0.76,0.78,0.0085,-0.0148,-0.031
2026-07-23T07:56:14+00:00,fed-jul26,25 bps increase,0.233,0.234,0.2,0.24,-0.0135,-0.0452,-0.0198
2026-07-23T07:56:14+00:00,fed-sep26,No change,0.44,0.45,0.49,0.5,0.05,0.0225,-0.0775
2026-07-23T07:56:14+00:00,fed-sep26,25 bps increase,0.49,0.51,0.45,0.48,-0.035,-0.0773,-0.0075
2026-07-23T07:56:14+00:00,fed-sep26,50+ bps increase,0.008,0.009,0.01,0.02,0.0065,0.0003,-0.0134
2026-07-23T07:56:14+00:00,fed-sep26,25 bps decrease,0.031,0.032,0.03,0.04,0.0035,-0.004,-0.0117
2026-07-23T07:56:14+00:00,fed-sep26,50+ bps decrease,0.019,0.02,0.01,0.03,0.0005,-0.0107,-0.013
2026-07-23T07:56:14+00:00,fed-oct26,No change,0.55,0.56,0.58,0.64,0.055,0.0029,-0.1061
2026-07-23T07:56:14+00:00,fed-oct26,25 bps increase,0.31,0.32,0.2,0.34,-0.045,-0.1312,-0.0457
2026-07-23T07:56:14+00:00,fed-oct26,50+ bps increase,0.009,0.01,0.01,0.02,0.0055,-0.0007,-0.0124
2026-07-23T07:56:14+00:00,fed-oct26,25 bps decrease,0.08,0.09,0.07,0.14,0.02,-0.0246,-0.0684
2026-07-23T07:56:14+00:00,fed-oct26,50+ bps decrease,0.022,0.023,0.02,0.03,0.0025,-0.0044,-0.01
2026-07-23T10:12:33+00:00,fed-jul26,No change,0.763,0.764,0.76,0.77,0.0015,-0.0168,-0.0194
2026-07-23T10:12:33+00:00,fed-jul26,25 bps increase,0.225,0.226,0.2,0.21,-0.0205,-0.0372,0.0034
2026-07-23T10:12:34+00:00,fed-sep26,No change,0.44,0.45,0.49,0.5,0.05,0.0225,-0.0775
2026-07-23T10:12:34+00:00,fed-sep26,25 bps increase,0.5,0.51,0.47,0.48,-0.03,-0.0574,0.0025
2026-07-23T10:12:34+00:00,fed-sep26,50+ bps increase,0.008,0.009,0.01,0.02,0.0065,0.0003,-0.0134
2026-07-23T10:12:34+00:00,fed-sep26,25 bps decrease,0.03,0.031,0.03,0.04,0.0045,-0.003,-0.0127
2026-07-23T10:12:34+00:00,fed-sep26,50+ bps decrease,0.019,0.021,0.01,0.03,0.0,-0.0117,-0.013
2026-07-23T10:12:34+00:00,fed-oct26,No change,0.55,0.56,0.58,0.62,0.045,0.0029,-0.0865
2026-07-23T10:12:34+00:00,fed-oct26,25 bps increase,0.31,0.32,0.28,0.37,0.01,-0.0541,-0.0763
2026-07-23T10:12:34+00:00,fed-oct26,50+ bps increase,0.009,0.01,0.01,0.02,0.0055,-0.0007,-0.0124
2026-07-23T10:12:34+00:00,fed-oct26,25 bps decrease,0.08,0.09,0.06,0.08,-0.015,-0.0339,-0.0052
2026-07-23T10:12:34+00:00,fed-oct26,50+ bps decrease,0.022,0.023,0.02,0.03,0.0025,-0.0044,-0.01
2026-07-23T12:10:18+00:00,fed-jul26,No change,0.761,0.762,0.76,0.77,0.0035,-0.0148,-0.0214
2026-07-23T12:10:18+00:00,fed-jul26,25 bps increase,0.232,0.235,0.23,0.24,0.0015,-0.0174,-0.0208
2026-07-23T12:10:18+00:00,fed-sep26,No change,0.42,0.44,0.47,0.5,0.055,0.0126,-0.0975
2026-07-23T12:10:18+00:00,fed-sep26,25 bps increase,0.45,0.47,0.46,0.47,0.005,-0.0274,-0.0374
2026-07-23T12:10:18+00:00,fed-sep26,50+ bps increase,0.009,0.01,0.01,0.02,0.0055,-0.0007,-0.0124
2026-07-23T12:10:18+00:00,fed-sep26,25 bps decrease,0.036,0.041,0.03,0.04,-0.0035,-0.013,-0.0067
2026-07-23T12:10:18+00:00,fed-sep26,50+ bps decrease,0.019,0.02,0.01,0.03,0.0005,-0.0107,-0.013
2026-07-23T12:10:18+00:00,fed-oct26,No change,0.55,0.56,0.55,0.61,0.025,-0.0273,-0.0767
2026-07-23T12:10:18+00:00,fed-oct26,25 bps increase,0.31,0.32,0.31,0.38,0.03,-0.025,-0.0865
2026-07-23T12:10:18+00:00,fed-oct26,50+ bps increase,0.009,0.01,0.01,0.03,0.0105,-0.0007,-0.023
2026-07-23T12:10:18+00:00,fed-oct26,25 bps decrease,0.08,0.09,0.06,0.07,-0.02,-0.0339,0.0054
2026-07-23T12:10:18+00:00,fed-oct26,50+ bps decrease,0.022,0.024,0.02,0.03,0.002,-0.0054,-0.01
2026-07-23T14:40:33+00:00,fed-jul26,No change,0.712,0.713,0.71,0.72,0.0025,-0.0174,-0.0221
2026-07-23T14:40:33+00:00,fed-jul26,25 bps increase,0.284,0.285,0.28,0.29,0.0005,-0.0191,-0.0204
2026-07-23T14:40:33+00:00,fed-jul26,50+ bps increase,0.007,0.008,0.01,0.02,0.0075,0.0013,-0.0144
2026-07-23T14:40:33+00:00,fed-sep26,No change,0.41,0.43,0.44,0.48,0.04,-0.0072,-0.0875
2026-07-23T14:40:33+00:00,fed-sep26,25 bps increase,0.48,0.49,0.46,0.47,-0.02,-0.0474,-0.0074
2026-07-23T14:40:33+00:00,fed-sep26,50+ bps increase,0.009,0.01,0.01,0.02,0.0055,-0.0007,-0.0124
2026-07-23T14:40:33+00:00,fed-sep26,25 bps decrease,0.036,0.037,0.03,0.04,-0.0015,-0.009,-0.0067
2026-07-23T14:40:33+00:00,fed-sep26,50+ bps decrease,0.019,0.02,0.01,0.03,0.0005,-0.0107,-0.013
2026-07-23T14:40:33+00:00,fed-oct26,No change,0.55,0.56,0.55,0.61,0.025,-0.0273,-0.0767
2026-07-23T14:40:33+00:00,fed-oct26,25 bps increase,0.31,0.32,0.29,0.41,0.035,-0.0444,-0.1169
2026-07-23T14:40:33+00:00,fed-oct26,50+ bps increase,0.009,0.014,0.01,0.03,0.0085,-0.0047,-0.023
2026-07-23T14:40:33+00:00,fed-oct26,25 bps decrease,0.08,0.09,0.07,0.08,-0.01,-0.0246,-0.0052
2026-07-23T14:40:33+00:00,fed-oct26,50+ bps decrease,0.022,0.024,0.02,0.03,0.002,-0.0054,-0.01
2026-07-23T16:20:40+00:00,fed-jul26,No change,0.738,0.744,0.73,0.74,-0.006,-0.0278,-0.0155
2026-07-23T16:20:40+00:00,fed-jul26,25 bps increase,0.245,0.247,0.25,0.26,0.009,-0.0101,-0.0285
2026-07-23T16:20:40+00:00,fed-jul26,50+ bps increase,0.006,0.007,0.01,0.02,0.0085,0.0023,-0.0154
2026-07-23T16:20:40+00:00,fed-sep26,No change,0.41,0.42,0.44,0.48,0.045,0.0028,-0.0875
2026-07-23T16:20:40+00:00,fed-sep26,25 bps increase,0.51,0.52,0.47,0.48,-0.04,-0.0674,0.0125
2026-07-23T16:20:40+00:00,fed-sep26,50+ bps increase,0.009,0.01,0.01,0.02,0.0055,-0.0007,-0.0124
2026-07-23T16:20:40+00:00,fed-sep26,25 bps decrease,0.035,0.038,0.03,0.04,-0.0015,-0.01,-0.0077
2026-07-23T16:20:40+00:00,fed-sep26,50+ bps decrease,0.019,0.02,0.01,0.02,-0.0045,-0.0107,-0.0024
2026-07-23T16:20:40+00:00,fed-oct26,No change,0.55,0.56,0.55,0.61,0.025,-0.0273,-0.0767
2026-07-23T16:20:40+00:00,fed-oct26,25 bps increase,0.31,0.32,0.28,0.41,0.03,-0.0541,-0.1169
2026-07-23T16:20:40+00:00,fed-oct26,50+ bps increase,0.009,0.014,0.01,0.03,0.0085,-0.0047,-0.023
2026-07-23T16:20:40+00:00,fed-oct26,25 bps decrease,0.08,0.09,0.06,0.08,-0.015,-0.0339,-0.0052
2026-07-23T16:20:40+00:00,fed-oct26,50+ bps decrease,0.022,0.024,0.02,0.03,0.002,-0.0054,-0.01
2026-07-23T17:54:51+00:00,fed-jul26,No change,0.73,0.735,0.73,0.74,0.0025,-0.0188,-0.0235
2026-07-23T17:54:51+00:00,fed-jul26,25 bps increase,0.258,0.259,0.25,0.26,-0.0035,-0.0221,-0.0155
2026-07-23T17:54:51+00:00,fed-jul26,50+ bps increase,0.006,0.007,0.01,0.02,0.0085,0.0023,-0.0154
2026-07-23T17:54:51+00:00,fed-sep26,No change,0.41,0.42,0.44,0.45,0.03,0.0028,-0.0573
2026-07-23T17:54:51+00:00,fed-sep26,25 bps increase,0.51,0.52,0.47,0.48,-0.04,-0.0674,0.0125
2026-07-23T17:54:51+00:00,fed-sep26,50+ bps increase,0.009,0.01,0.01,0.02,0.0055,-0.0007,-0.0124
2026-07-23T17:54:51+00:00,fed-sep26,25 bps decrease,0.037,0.039,0.03,0.04,-0.003,-0.011,-0.0057
2026-07-23T17:54:51+00:00,fed-sep26,50+ bps decrease,0.02,0.021,0.01,0.02,-0.0055,-0.0117,-0.0014
2026-07-23T17:54:52+00:00,fed-oct26,No change,0.55,0.56,0.55,0.58,0.01,-0.0273,-0.0471
2026-07-23T17:54:52+00:00,fed-oct26,25 bps increase,0.31,0.32,0.29,0.34,0.0,-0.0444,-0.0457
2026-07-23T17:54:52+00:00,fed-oct26,50+ bps increase,0.009,0.014,0.01,0.02,0.0035,-0.0047,-0.0124
2026-07-23T17:54:52+00:00,fed-oct26,25 bps decrease,0.09,0.1,0.07,0.08,-0.02,-0.0346,0.0048
2026-07-23T17:54:52+00:00,fed-oct26,50+ bps decrease,0.022,0.024,0.02,0.03,0.002,-0.0054,-0.01
2026-07-23T19:00:08+00:00,fed-jul26,No change,0.738,0.739,0.74,0.75,0.0065,-0.0125,-0.0251
2026-07-23T19:00:08+00:00,fed-jul26,25 bps increase,0.251,0.252,0.25,0.26,0.0035,-0.0151,-0.0225
2026-07-23T19:00:08+00:00,fed-jul26,50+ bps increase,0.006,0.007,0.01,0.02,0.0085,0.0023,-0.0154
2026-07-23T19:00:09+00:00,fed-sep26,No change,0.41,0.42,0.44,0.45,0.03,0.0028,-0.0573
2026-07-23T19:00:09+00:00,fed-sep26,25 bps increase,0.5,0.51,0.47,0.48,-0.03,-0.0574,0.0025
2026-07-23T19:00:09+00:00,fed-sep26,50+ bps increase,0.009,0.01,0.01,0.02,0.0055,-0.0007,-0.0124
2026-07-23T19:00:09+00:00,fed-sep26,25 bps decrease,0.041,0.042,0.03,0.04,-0.0065,-0.014,-0.0017
2026-07-23T19:00:09+00:00,fed-sep26,50+ bps decrease,0.02,0.021,0.01,0.02,-0.0055,-0.0117,-0.0014
2026-07-23T19:00:09+00:00,fed-oct26,No change,0.54,0.55,0.55,0.58,0.02,-0.0173,-0.0571
2026-07-23T19:00:09+00:00,fed-oct26,25 bps increase,0.31,0.32,0.29,0.34,0.0,-0.0444,-0.0457
2026-07-23T19:00:09+00:00,fed-oct26,50+ bps increase,0.009,0.014,0.01,0.02,0.0035,-0.0047,-0.0124
2026-07-23T19:00:09+00:00,fed-oct26,25 bps decrease,0.09,0.1,0.07,0.08,-0.02,-0.0346,0.0048
2026-07-23T19:00:09+00:00,fed-oct26,50+ bps decrease,0.022,0.024,0.02,0.03,0.002,-0.0054,-0.01
2026-07-23T20:11:42+00:00,fed-jul26,No change,0.741,0.742,0.74,0.75,0.0035,-0.0155,-0.0221
2026-07-23T20:11:42+00:00,fed-jul26,25 bps increase,0.256,0.257,0.25,0.26,-0.0015,-0.0201,-0.0175
2026-07-23T20:11:42+00:00,fed-jul26,50+ bps increase,0.006,0.007,0.01,0.02,0.0085,0.0023,-0.0154
2026-07-23T20:11:42+00:00,fed-sep26,No change,0.41,0.42,0.44,0.45,0.03,0.0028,-0.0573
2026-07-23T20:11:42+00:00,fed-sep26,25 bps increase,0.5,0.51,0.47,0.48,-0.03,-0.0574,0.0025
2026-07-23T20:11:42+00:00,fed-sep26,50+ bps increase,0.009,0.01,0.01,0.02,0.0055,-0.0007,-0.0124
2026-07-23T20:11:42+00:00,fed-sep26,25 bps decrease,0.041,0.042,0.03,0.04,-0.0065,-0.014,-0.0017
2026-07-23T20:11:42+00:00,fed-sep26,50+ bps decrease,0.02,0.021,0.01,0.02,-0.0055,-0.0117,-0.0014
2026-07-23T20:11:42+00:00,fed-oct26,No change,0.53,0.54,0.55,0.56,0.02,-0.0073,-0.0472
2026-07-23T20:11:42+00:00,fed-oct26,25 bps increase,0.31,0.32,0.29,0.34,0.0,-0.0444,-0.0457
2026-07-23T20:11:42+00:00,fed-oct26,50+ bps increase,0.009,0.014,0.01,0.02,0.0035,-0.0047,-0.0124
2026-07-23T20:11:42+00:00,fed-oct26,25 bps decrease,0.09,0.1,0.07,0.08,-0.02,-0.0346,0.0048
2026-07-23T20:11:42+00:00,fed-oct26,50+ bps decrease,0.022,0.024,0.02,0.03,0.002,-0.0054,-0.01
2026-07-23T21:35:02+00:00,fed-jul26,No change,0.742,0.747,0.75,0.76,0.0105,-0.0101,-0.0308
2026-07-23T21:35:02+00:00,fed-jul26,25 bps increase,0.243,0.244,0.23,0.24,-0.0085,-0.0264,-0.0098
2026-07-23T21:35:02+00:00,fed-jul26,50+ bps increase,0.006,0.007,0.01,0.02,0.0085,0.0023,-0.0154
2026-07-23T21:35:02+00:00,fed-sep26,No change,0.41,0.42,0.44,0.45,0.03,0.0028,-0.0573
2026-07-23T21:35:02+00:00,fed-sep26,25 bps increase,0.51,0.52,0.47,0.48,-0.04,-0.0674,0.0125
2026-07-23T21:35:02+00:00,fed-sep26,50+ bps increase,0.009,0.01,0.01,0.02,0.0055,-0.0007,-0.0124
2026-07-23T21:35:02+00:00,fed-sep26,25 bps decrease,0.04,0.041,0.03,0.04,-0.0055,-0.013,-0.0027
2026-07-23T21:35:02+00:00,fed-sep26,50+ bps decrease,0.02,0.021,0.01,0.02,-0.0055,-0.0117,-0.0014
2026-07-23T21:35:02+00:00,fed-oct26,No change,0.53,0.54,0.55,0.56,0.02,-0.0073,-0.0472
2026-07-23T21:35:02+00:00,fed-oct26,25 bps increase,0.31,0.32,0.31,0.34,0.01,-0.025,-0.0457
2026-07-23T21:35:02+00:00,fed-oct26,50+ bps increase,0.011,0.014,0.01,0.02,0.0025,-0.0047,-0.0104
2026-07-23T21:35:02+00:00,fed-oct26,25 bps decrease,0.09,0.1,0.07,0.08,-0.02,-0.0346,0.0048
2026-07-23T21:35:02+00:00,fed-oct26,50+ bps decrease,0.022,0.024,0.02,0.03,0.002,-0.0054,-0.01
2026-07-23T22:47:56+00:00,fed-jul26,No change,0.742,0.743,0.75,0.76,0.0125,-0.0061,-0.0308
2026-07-23T22:47:56+00:00,fed-jul26,25 bps increase,0.244,0.245,0.23,0.24,-0.0095,-0.0274,-0.0088
2026-07-23T22:47:56+00:00,fed-jul26,50+ bps increase,0.006,0.007,0.01,0.02,0.0085,0.0023,-0.0154
2026-07-23T22:47:56+00:00,fed-sep26,No change,0.41,0.42,0.44,0.45,0.03,0.0028,-0.0573
2026-07-23T22:47:56+00:00,fed-sep26,25 bps increase,0.51,0.52,0.47,0.48,-0.04,-0.0674,0.0125
2026-07-23T22:47:56+00:00,fed-sep26,50+ bps increase,0.009,0.01,0.01,0.02,0.0055,-0.0007,-0.0124
2026-07-23T22:47:56+00:00,fed-sep26,25 bps decrease,0.04,0.041,0.03,0.04,-0.0055,-0.013,-0.0027
2026-07-23T22:47:56+00:00,fed-sep26,50+ bps decrease,0.019,0.02,0.01,0.02,-0.0045,-0.0107,-0.0024
2026-07-23T22:47:56+00:00,fed-oct26,No change,0.53,0.54,0.55,0.56,0.02,-0.0073,-0.0472
2026-07-23T22:47:56+00:00,fed-oct26,25 bps increase,0.31,0.32,0.31,0.34,0.01,-0.025,-0.0457
2026-07-23T22:47:56+00:00,fed-oct26,50+ bps increase,0.011,0.014,0.01,0.02,0.0025,-0.0047,-0.0104
2026-07-23T22:47:56+00:00,fed-oct26,25 bps decrease,0.09,0.1,0.07,0.08,-0.02,-0.0346,0.0048
2026-07-23T22:47:56+00:00,fed-oct26,50+ bps decrease,0.022,0.024,0.02,0.03,0.002,-0.0054,-0.01
2026-07-23T23:52:19+00:00,fed-jul26,No change,0.737,0.738,0.75,0.76,0.0175,-0.0011,-0.0358
2026-07-23T23:52:19+00:00,fed-jul26,25 bps increase,0.245,0.246,0.23,0.24,-0.0105,-0.0284,-0.0078
2026-07-23T23:52:19+00:00,fed-jul26,50+ bps increase,0.007,0.008,0.01,0.02,0.0075,0.0013,-0.0144
2026-07-23T23:52:20+00:00,fed-sep26,No change,0.41,0.42,0.44,0.45,0.03,0.0028,-0.0573
2026-07-23T23:52:20+00:00,fed-sep26,25 bps increase,0.51,0.52,0.47,0.48,-0.04,-0.0674,0.0125
2026-07-23T23:52:20+00:00,fed-sep26,50+ bps increase,0.009,0.01,0.01,0.02,0.0055,-0.0007,-0.0124
2026-07-23T23:52:20+00:00,fed-sep26,25 bps decrease,0.04,0.041,0.03,0.04,-0.0055,-0.013,-0.0027
2026-07-23T23:52:20+00:00,fed-sep26,50+ bps decrease,0.019,0.02,0.01,0.02,-0.0045,-0.0107,-0.0024
2026-07-23T23:52:20+00:00,fed-oct26,No change,0.53,0.54,0.55,0.56,0.02,-0.0073,-0.0472
2026-07-23T23:52:20+00:00,fed-oct26,25 bps increase,0.31,0.32,0.31,0.34,0.01,-0.025,-0.0457
2026-07-23T23:52:20+00:00,fed-oct26,50+ bps increase,0.011,0.014,0.01,0.02,0.0025,-0.0047,-0.0104
2026-07-23T23:52:20+00:00,fed-oct26,25 bps decrease,0.09,0.1,0.07,0.08,-0.02,-0.0346,0.0048
2026-07-23T23:52:20+00:00,fed-oct26,50+ bps decrease,0.022,0.024,0.02,0.03,0.002,-0.0054,-0.01
2026-07-24T01:32:14+00:00,fed-jul26,No change,0.736,0.737,0.76,0.77,0.0285,0.0102,-0.0464
2026-07-24T01:32:14+00:00,fed-jul26,25 bps increase,0.253,0.254,0.23,0.24,-0.0185,-0.0364,0.0002
2026-07-24T01:32:14+00:00,fed-jul26,50+ bps increase,0.006,0.007,0.01,0.02,0.0085,0.0023,-0.0154
2026-07-24T01:32:14+00:00,fed-sep26,No change,0.41,0.42,0.44,0.49,0.05,0.0028,-0.0975
2026-07-24T01:32:14+00:00,fed-sep26,25 bps increase,0.51,0.52,0.47,0.48,-0.04,-0.0674,0.0125
2026-07-24T01:32:14+00:00,fed-sep26,50+ bps increase,0.01,0.012,0.01,0.03,0.009,-0.0027,-0.022
2026-07-24T01:32:14+00:00,fed-sep26,25 bps decrease,0.036,0.037,0.03,0.04,-0.0015,-0.009,-0.0067
2026-07-24T01:32:14+00:00,fed-sep26,50+ bps decrease,0.019,0.02,0.01,0.02,-0.0045,-0.0107,-0.0024
2026-07-24T01:32:14+00:00,fed-oct26,No change,0.53,0.54,0.56,0.62,0.055,0.0028,-0.1065
2026-07-24T01:32:14+00:00,fed-oct26,25 bps increase,0.31,0.32,0.31,0.43,0.055,-0.025,-0.1372
2026-07-24T01:32:14+00:00,fed-oct26,50+ bps increase,0.011,0.014,0.01,0.02,0.0025,-0.0047,-0.0104
2026-07-24T01:32:14+00:00,fed-oct26,25 bps decrease,0.08,0.1,0.06,0.08,-0.02,-0.0439,-0.0052
2026-07-24T01:32:14+00:00,fed-oct26,50+ bps decrease,0.022,0.024,0.02,0.03,0.002,-0.0054,-0.01
2026-07-24T04:50:40+00:00,fed-jul26,No change,0.739,0.74,0.75,0.76,0.0155,-0.0031,-0.0338
2026-07-24T04:50:40+00:00,fed-jul26,25 bps increase,0.247,0.248,0.23,0.24,-0.0125,-0.0304,-0.0058
2026-07-24T04:50:40+00:00,fed-jul26,50+ bps increase,0.006,0.007,0.01,0.02,0.0085,0.0023,-0.0154
2026-07-24T04:50:40+00:00,fed-sep26,No change,0.4,0.41,0.44,0.49,0.06,0.0128,-0.1075
2026-07-24T04:50:40+00:00,fed-sep26,25 bps increase,0.51,0.52,0.47,0.48,-0.04,-0.0674,0.0125
2026-07-24T04:50:40+00:00,fed-sep26,50+ bps increase,0.01,0.011,0.02,0.03,0.0145,0.0076,-0.022
2026-07-24T04:50:40+00:00,fed-sep26,25 bps decrease,0.032,0.033,0.03,0.04,0.0025,-0.005,-0.0107
2026-07-24T04:50:40+00:00,fed-sep26,50+ bps decrease,0.019,0.02,0.01,0.02,-0.0045,-0.0107,-0.0024
2026-07-24T04:50:40+00:00,fed-oct26,No change,0.53,0.54,0.56,0.58,0.035,0.0028,-0.0671
2026-07-24T04:50:40+00:00,fed-oct26,25 bps increase,0.31,0.32,0.31,0.37,0.025,-0.025,-0.0763
2026-07-24T04:50:40+00:00,fed-oct26,50+ bps increase,0.011,0.014,0.01,0.02,0.0025,-0.0047,-0.0104
2026-07-24T04:50:40+00:00,fed-oct26,25 bps decrease,0.08,0.1,0.06,0.08,-0.02,-0.0439,-0.0052
2026-07-24T04:50:40+00:00,fed-oct26,50+ bps decrease,0.022,0.024,0.02,0.03,0.002,-0.0054,-0.01
